1878 3272
460 177 808 221 ORATORUM
844 177 1230 220 GRAECORUM.
1477 178 1570 218 xliii

104 292 295 331 tationem
324 293 455 332 eximit
487 293 719 333 Plutarchus
751 295 777 332 l.
804 308 839 333 c.
871 296 935 346 qui
969 294 1034 333 ubi
1064 292 1226 332 eandem
1254 304 1333 330 rem
1362 292 1569 337 narrasset,

106 353 314 405 subjungit.
355 362 473 395 ταῦτα
499 357 571 407 μὲν
599 355 665 395 οὖν
691 355 988 408 Ἀριστόβουλος
1021 358 1040 394 ὁ
1075 354 1354 406 Κασσανδρεὺς
1390 353 1569 404 ἱστόρηκε.

104 413 228 453 Recte
258 417 411 455 Ionsius
441 418 489 454 de
519 418 659 468 Script.
682 418 732 456 H.
754 418 798 456 P.
819 418 895 455 III.
915 421 953 455 6.
975 431 1012 468 p.
1032 421 1126 457 233.
1158 424 1197 456 et
1219 418 1408 455 Kusterus
1434 416 1569 454 obser-

102 483 209 522 vant,
241 479 400 517 Suidam
433 491 519 517 cum
548 478 683 518 decem
719 487 894 518 oratores
927 480 1145 529 postulatos
1177 480 1353 526 dixisset,
1387 478 1568 517 undecim

100 550 315 577 recensere.
372 540 497 590 Atqui
530 541 623 579 huic
656 543 778 579 errori
803 542 982 579 medetur
1009 540 1230 579 emendatio
1263 547 1407 579 nostra.
1464 540 1566 578 Nam

103 600 323 639 Cassandro
336 609 532 640 oratorum
551 616 710 641 numero
728 610 909 652 exempto
923 610 983 641 tot
1003 609 1091 641 sunt
1107 610 1294 650 oratores,
1313 609 1408 654 quot
1425 602 1568 642 Suidas

98 661 290 710 promisit.
347 664 567 703 Redeamus
588 665 635 703 ad
657 665 901 704 Stratoclem.
956 664 1242 703 Demosthenes
1262 665 1449 703 Stratocli
1469 665 1569 703 aliis-

97 734 194 772 que,
221 724 286 774 qui
313 725 436 775 ipsum
464 732 628 776 propter
651 727 858 777 pecuniam
887 726 1133 777 Harpalicam
1161 738 1267 763 reum
1296 726 1480 776 egissent,
1508 739 1567 764 re-

98 785 262 833 spon-dit
281 787 457 826 oratione
476 790 558 839 περὶ
580 789 715 838 δώρων,
730 790 846 840 cujus
867 789 961 826 nihil
982 794 1128 839 praeter
1155 801 1296 826 nomen
1316 787 1366 825 ad
1387 801 1456 825 nos
1478 800 1567 838 per-

99 846 217 884 venit.
274 848 319 886 In
349 849 608 896 orationibus,
634 863 723 900 quae
753 856 976 900 supersunt,
1006 848 1237 888 Stratoclem
1267 855 1417 887 tantum
1447 851 1567 889 semel

68 906 70 908 ’
98 909 328 960 perstringit
349 911 533 949 adversus
563 912 782 950 Pantaenet.
809 916 839 960 ξ.
867 912 911 950 ff.
929 913 990 949 καὶ
1006 911 1232 962 Στρατοκλεῖ
1250 915 1300 964 τῷ
1314 910 1568 965 πιθανωτάτῳ

98 969 252 1012 πάντων
272 971 497 1025 ἀνθρώπων,
524 976 583 1011 καὶ
602 974 855 1026 πονηροτάτῳ.
910 974 1126 1012 Venustum
1151 974 1355 1012 Stratoclis
1376 973 1567 1024 fragmen-

95 1039 178 1072 tum
217 1035 351 1073 laudat
388 1035 700 1086 Agatharchides
740 1037 843 1086 apud
883 1035 1073 1073 Photium
1111 1037 1202 1073 cod.
1241 1040 1333 1074 250.
1369 1049 1408 1086 p.
1449 1041 1565 1078 1337.

95 1097 271 1147 Ἀροῦται
291 1099 351 1134 καὶ
370 1100 557 1147 σπείρεται
574 1097 616 1136 τὸ
637 1097 823 1145 Θηβαίων
850 1100 957 1144 ἄστυ,
986 1105 1060 1135 τῶν
1089 1099 1457 1149 συναγωνισαμένων
1475 1101 1568 1150 ἡμῖν

93 1156 162 1194 τὸν
189 1157 284 1208 πρὸς
310 1157 501 1197 Φίλιππον
527 1159 710 1209 πόλεμον.
769 1158 886 1202 Quod
915 1170 1003 1196 cnm
1031 1158 1192 1196 totidem
1221 1171 1343 1206 prope
1372 1159 1498 1196 verbis
1526 1159 1565 1198 in

94 1221 209 1259 Orat.
238 1218 428 1257 Dinarchi
460 1218 547 1258 adv.
583 1219 790 1258 Demosth.
819 1225 849 1268 ξ.
884 1217 925 1258 δ’.
958 1219 1190 1270 reperiatur,
1219 1220 1564 1270 praestantissimus

95 1281 374 1331 Wesselingius
401 1282 451 1318 ad
473 1281 637 1319 Diodor.
660 1281 738 1319 Sic.
760 1282 878 1319 XIII.
901 1296 939 1332 p.
961 1285 1052 1320 585.
1075 1281 1308 1332 suspicatur,
1331 1281 1390 1318 vel
1418 1281 1564 1320 Dinar-

93 1343 210 1382 chum
239 1342 334 1381 illud
363 1356 386 1380 a
413 1343 607 1381 Stratocle
637 1343 862 1393 sumpsisse,
895 1343 956 1381 vel
987 1343 1217 1389 orationem,
1249 1356 1339 1393 quae
1374 1343 1562 1381 Dinarchi

92 1405 248 1453 dicitur,
270 1405 479 1443 Stratoclis
508 1417 611 1442 esse.
666 1405 804 1443 Altera
825 1405 1054 1454 conjectura
1073 1404 1304 1454 probabilis,
1324 1404 1444 1442 altera
1465 1404 1563 1442 nihil

91 1466 212 1506 habet
241 1466 333 1505 veri.
390 1466 534 1516 Neque
563 1466 664 1504 enim
694 1466 836 1512 oratio,
868 1467 907 1504 in
937 1479 1026 1515 qua,
1055 1473 1099 1504 ut
1127 1466 1244 1504 modo
1272 1465 1449 1512 vidimus,
1477 1466 1562 1517 ipse

91 1529 308 1569 Stratocles
329 1529 522 1575 laudetur,
546 1528 679 1567 referri
701 1529 750 1567 ad
770 1535 966 1567 auctorem
990 1528 1221 1567 Stratoclem
1243 1534 1386 1579 potest.
1418 1529 1562 1567 Cicero

92 1592 214 1630 Bruto
239 1592 295 1630 II.
322 1596 348 1613 “
364 1591 613 1637 Stratoclem,
643 1596 682 1628 ut
701 1591 981 1629 Themistoclis
1010 1597 1174 1629 mortem
1203 1590 1398 1629 rhetorice
1424 1597 1463 1628 et
1483 1596 1560 1629 tra-
1583 1595 1661 1633 179

90 1652 176 1702 gice
205 1665 344 1690 ornare
372 1658 519 1701 posset,
548 1651 705 1690 finxisse
735 1652 911 1700 (scribit)
940 1652 1062 1699 illum,
1091 1666 1178 1690 cum
1208 1657 1360 1689 taurum
1389 1652 1561 1690 immola-

89 1713 222 1759 visset,
235 1713 434 1763 excepisse
448 1713 673 1762 sanguinem
691 1718 844 1763 patera,
861 1719 899 1750 et
915 1726 962 1750 eo
978 1719 1075 1763 poto
1090 1719 1282 1751 mortuum
1301 1713 1562 1751 concidisse.’'

88 1775 156 1813 ubi
177 1775 386 1814 Stratocles
408 1775 614 1812 historicus
636 1787 683 1812 an
705 1780 837 1812 orator
855 1774 1106 1825 intelligatur,
1128 1775 1283 1813 dubitat
1302 1775 1559 1813 amicissimus

88 1837 273 1875 Ernestus
294 1837 381 1874 Ind.
403 1836 603 1874 Historico
624 1835 845 1874 Ciceronis.
903 1837 981 1874 Sed
1002 1850 1090 1874 cum
1111 1837 1237 1875 nullus
1258 1836 1463 1875 historicus
1484 1837 1559 1875 hoc

88 1900 247 1937 nomine
270 1898 400 1942 fuerit,
427 1903 619 1935 oratorem
647 1897 814 1948 intelligi
844 1904 994 1936 certum
1023 1905 1095 1937 est.
1155 1899 1307 1936 Procax
1334 1905 1373 1936 et
1398 1899 1558 1937 scurrile

88 1959 295 1998 Stratoclis
326 1960 524 2009 ingenium
556 1971 793 2010 cognoscere
824 1959 915 1997 licet
947 1972 994 1997 ex
1025 1973 1086 2006 eo,
1118 1960 1221 2009 quod
1256 1959 1431 1997 referunt
1465 1960 1558 1997 Plu-

86 2021 246 2059 tarchus
266 2021 460 2071 Praecept.
484 2020 593 2070 polit.
613 2033 652 2071 p.
667 2025 758 2061 799.
777 2021 819 2058 F.
841 2021 1046 2059 Demetrio
1067 2035 1105 2072 p.
1127 2025 1219 2059 894.
1240 2022 1288 2059 A.
1310 2027 1350 2059 et
1369 2021 1558 2059 Libanius

87 2083 162 2132 Ep.
187 2086 305 2122 1569.
363 2082 464 2120 Cum
492 2082 753 2120 Athenienses
784 2082 980 2133 ingentem
1017 2084 1167 2120 cladem
1202 2082 1464 2133 accepissent,
1492 2084 1558 2121 ille

88 2144 212 2182 cladis
245 2143 430 2182 nuncium
472 2149 725 2193 praevertens,
759 2143 945 2193 populum
981 2144 1102 2193 jussit
1140 2144 1212 2181 diis
1250 2146 1302 2181 ob
1342 2157 1421 2181 rem
1459 2144 1558 2182 bene

89 2212 236 2257 gestam
267 2207 408 2256 gratias
437 2218 566 2256 agere,
597 2211 636 2242 et
666 2218 706 2242 se
735 2204 880 2242 laetitiae
913 2205 1018 2243 dare.
1076 2206 1172 2243 Mox
1203 2218 1289 2243 curn
1321 2205 1398 2243 alia
1428 2206 1558 2244 omnia

87 2267 378 2313 nunciarentur,
409 2272 447 2304 et
472 2266 642 2316 populus
668 2266 933 2317 indignatione
960 2280 1148 2305 accensus
1175 2268 1212 2305 in
1242 2268 1366 2317 ipsum
1397 2269 1558 2307 invehe-

89 2336 206 2375 retur,
228 2327 475 2379 impudenter
492 2327 683 2379 quaesivst,
711 2331 746 2366 τί
773 2327 944 2375 ἠδίκηται
973 2334 1070 2379 τρεῖς
1088 2331 1230 2380 ἡμέρας
1251 2329 1293 2367 δι’
1312 2330 1423 2368 αὐτὸν
1441 2330 1557 2377 ἡδέως

89 2392 279 2440 γεγονώς;
311 2391 372 2427 De
393 2389 497 2440 turpi
517 2389 603 2439 ejus
627 2388 811 2428 adversus
832 2391 1075 2441 Antigonum
1096 2397 1134 2429 et
1157 2392 1395 2429 Demetrium
1417 2392 1556 2430 adula-

86 2453 208 2500 tione,
231 2453 334 2491 idem
360 2452 595 2491 Plutarchus
621 2452 800 2491 Demetr.
826 2466 867 2504 p.
889 2457 982 2492 895.
1012 2454 1057 2492 E.
1087 2458 1179 2492 800.
1208 2456 1257 2492 A.
1279 2454 1324 2492 Ε.
1354 2455 1418 2492 ubi
1445 2455 1555 2493 illum

85 2529 134 2554 ex
152 2515 360 2553 virtutibus
383 2516 461 2552 suis
481 2521 614 2553 ornat:
643 2514 690 2560 ἦν
712 2514 749 2552 δὲ
769 2517 829 2552 καὶ
856 2513 983 2554 τᾶλλα
1003 2517 1250 2569 παράτολμος
1269 2519 1288 2554 ὁ
1305 2516 1554 2567 Στρατοκλῆς,

86 2579 146 2615 καὶ
180 2575 374 2624 βεβιωκὼς
401 2578 591 2625 ἀσελγῶς,
619 2577 678 2613 καὶ
708 2579 752 2631 τῇ
785 2584 851 2615 τοῦ
881 2581 1047 2615 παλαιοῦ
1074 2582 1250 2623 Κλέωνος
1277 2578 1555 2630 ἀπομιμεῖσθαι

85 2637 199 2676 δοκῶν
216 2636 444 2692 βωμολοχίᾳ
461 2640 520 2675 καὶ
539 2636 721 2687 βδελυρίᾳ
738 2640 806 2683 τὴν
831 2639 925 2688 πρὸς
951 2639 1016 2677 τὸν
1035 2638 1152 2690 δῆμον
1172 2641 1377 2691 εὒχέρειαν.
1403 2641 1494 2690 ἔσχε
1516 2639 1553 2677 δὲ

84 2700 152 2744 τὴν
171 2699 325 2750 ἑταίραν
342 2699 541 2737 Φυλάκιον.
589 2698 716 2736 Aliam
737 2699 945 2738 Stratoclis
966 2702 1207 2738 meretricem
1228 2706 1415 2738 memorat
1434 2700 1555 2738 Athe-

83 2772 192 2797 naeus
212 2760 300 2797 loco
320 2767 508 2809 corrupto
528 2760 623 2798 XII.
643 2774 682 2810 p.
704 2764 796 2798 596.
819 2761 860 2799 F.
881 2762 929 2799 ad
951 2774 1113 2811 quarum
1134 2762 1358 2800 alterutram
1379 2763 1552 2812 pertinet

84 2833 219 2859 versus
246 2820 481 2871 Philippidis
509 2822 615 2872 apud
642 2822 841 2860 Plutarch.
869 2825 1044 2861 Amator.
1074 2837 1111 2872 p.
1135 2828 1226 2863 750.
1254 2823 1297 2860 F.
1325 2825 1552 2875 ἀποστρεφο-

84 2883 205 2934 μένας
225 2884 292 2927 τὴν
312 2885 469 2933 κορυφὴν
488 2885 607 2934 φιλεῖς
626 2884 752 2934 μόλις.
810 2883 888 2920 Alii
909 2896 1057 2929 versus,
1080 2884 1226 2934 quibus
1246 2883 1346 2921 idem
1368 2883 1550 2923 Comicus

84 2942 314 2980 Stratoclem
348 2942 571 2992 exagitavit,
605 2950 696 2982 sunt
726 2943 830 2994 apud
865 2944 1062 2984 Plutarch.
1096 2945 1270 2983 Demetr.
1305 2957 1341 2996 p.
1373 2949 1464 2984 894.
1502 2946 1548 2985 C.
1605 2984 1607 2986 .

87 3006 181 3043 900.
202 3003 244 3040 F.
1237 3004 1247 3012 ⁸
