1816 3272
385 220 722 267 LECTIONES
753 212 1153 266 ANDOCIDEAE.
1413 223 1493 266 197

41 345 120 385 qna
137 329 243 372 haud
258 332 410 372 memini
429 342 488 372 me
503 331 596 372 alibi
615 332 757 383 legere,
778 327 959 382 equidem
972 343 1049 369 non
1067 328 1260 381 intelligo:
1281 327 1497 368 certissime

42 396 247 447 legendum
267 401 325 434 est
350 396 497 448 Ἑρμῶν
530 393 632 433 στοά.
688 393 860 432 Poecilen
891 400 930 431 et
953 393 1112 443 Regiam
1134 391 1333 431 Porticnm
1353 390 1391 428 in
1411 389 1498 428 foro

41 457 161 496 fuisse
180 471 240 496 res
260 463 320 496 est
339 457 430 495 satis
451 456 620 506 cognita,
641 462 680 493 et
699 456 818 494 docet
832 454 1008 492 Valesius
1028 454 1077 492 ad
1093 454 1131 492 h.
1150 454 1177 492 l.
1226 453 1497 505 Fragmentum

41 525 172 557 autem
193 519 287 557 illud
305 518 513 557 Callistrati
534 518 706 556 mutilum
728 516 936 567 descripsit
957 515 1098 553 Suidas
1121 529 1157 554 v.
1176 517 1326 566 Ἑρμαῖ.
1382 515 1499 554 Plura

41 579 91 618 de
119 581 352 620 Hermarum
381 578 542 618 Porticu
561 577 639 617 vid.
667 578 773 631 apud
803 576 1018 616 Meursium
1047 577 1172 616 Attic.
1192 578 1297 616 Lect.
1320 578 1345 615 l.
1365 577 1438 616 VI.
1459 591 1497 616 c.

42 645 107 680 18.
128 649 168 680 et
194 641 337 680 Athen.
366 642 450 680 Att.
483 641 508 680 l.
531 641 563 679 I.
586 654 621 679 c.
640 646 679 681 3.
712 641 793 691 qui,
825 640 918 678 licet
948 639 1146 677 immensae
1175 639 1232 677 vir
1255 639 1502 686 eruditionis,

41 705 140 743 male
159 711 286 743 tamen
301 704 491 743 intellexit
509 704 638 741 locum
657 703 872 742 Andocidis
887 702 936 740 de
955 702 1076 753 Myst.
1091 715 1131 752 p.
1144 705 1181 739 5.
1193 716 1228 740 v.
1245 705 1310 742 37.
1337 701 1501 753 Τεῦκρος

41 766 102 804 ἐπὶ
121 771 198 809 τοῖς
215 766 374 817 Ἑρμαῖς
393 766 575 816 ἐμήνυσεν
595 766 815 817 Εὐκτήμονα
836 780 867 803 κ.
888 782 920 804 τ.
941 768 979 804 λ.
1038 764 1178 803 Teucer
1185 764 1387 815 facinoris
1404 777 1502 815 erga

43 827 209 867 Hermas
226 828 414 866 commissi
432 827 625 866 accusavit
645 828 918 867 Euctemonem
937 834 1043 875 caet.‚
1059 826 1175 877 cujus
1190 826 1255 864 ille
1274 825 1375 864 hanc.
1392 832 1503 876 pote-

42 895 181 927 statem
197 901 283 928 esse
299 888 467 927 credidit
482 901 492 926 :
531 888 685 936 Teucer,
696 889 765 940 qui
779 889 819 927 in
838 888 997 927 Hermis
1010 887 1070 927 vel
1085 887 1140 927 ad
1154 887 1319 926 Hermas
1332 885 1502 931 habitat,

44 952 240 991 accusavit
256 952 541 992 Euctemonem.

95 1013 254 1052 Hermae
287 1014 507 1065 complures
536 1013 707 1053 dedicati
735 1020 842 1052 erant
874 1013 913 1052 in
947 1012 1163 1066 Gymnasio
1189 1012 1419 1058 Ptolemaeo,
1453 1011 1504 1050 de

43 1075 186 1126 quibus
208 1075 421 1122 ,Pausanias
446 1076 486 1115 in
514 1076 658 1116 Atticis
678 1089 718 1127 p.
739 1079 804 1115 39.
833 1076 873 1114 ἐν
899 1075 936 1115 δὲ
963 1079 1012 1128 τῷ
1041 1078 1237 1128 γυμνασίῳ
1266 1081 1331 1120 τῆς
1360 1073 1504 1126 ἀγορᾶς

40 1138 225 1189 ἀπέχοντι
243 1141 285 1176 οὒ
304 1139 415 1185 πολὺ,
435 1138 676 1191 Πτολεμαῖον
697 1137 733 1176 δὲ
752 1138 828 1176 α’πὸ
848 1143 910 1177 τοῦ
925 1139 1259 1189 κατεσκευασμένου
1278 1138 1506 1188 καλουμένῳ,

42 1201 142 1237 λίθοι
162 1214 201 1237 τε
219 1199 263 1248 (l.
284 1201 390 1238 λίθου
409 1215 461 1246 τε,
481 1199 587 1238 conf.
606 1199 646 1238 ll.
666 1199 781 1237 Paus.
804 1198 904 1237 infra
924 1199 1006 1247 all.)
1024 1200 1118 1238 εἰσὶν
1135 1199 1274 1250 ξΕρμαῖ
1292 1200 1380 1241 θέας
1399 1199 1505 1244 ἄξιοι,

43 1262 104 1298 καὶ
122 1263 228 1299 εἰκὼν
247 1260 492 1313 Πτολεμαίου
512 1263 653 1314 χαλκῆ.
710 1260 773 1299 De
792 1261 1009 1312 Gymnasio
1037 1261 1250 1299 Ptolemaeo
1279 1266 1319 1297 et
1349 1258 1504 1298 Hermis

44 1321 99 1361 ibi
119 1321 360 1360 consecratis
378 1322 456 1360 vid.
479 1323 629 1360 Meurs.
650 1321 744 1360 Ath.
765 1322 850 1360 Att.
865 1321 892 1360 l.
913 1322 946 1359 Ι.
967 1335 1001 1360 c.
1019 1325 1059 1360 6.

97 1383 220 1421 Erant
239 1395 399 1434 quoque
420 1383 546 1433 sparsi
566 1396 635 1433 per
655 1382 790 1421 urbem
821 1388 860 1422 et
888 1396 1012 1434 pagos
1042 1382 1195 1422 Atticos
1215 1382 1382 1428 Hermae,
1405 1394 1506 1432 quos
1550 1377 1553 1380 ⁴

44 1444 296 1496 Hipparchus
325 1444 516 1484 Pisistrati
547 1444 716 1483 filiorum
745 1449 839 1483 natu
870 1446 1057 1482 maximus
1084 1444 1178 1495 erigi
1207 1450 1423 1488 curaverat,
1447 1443 1506 1481 iu-

43 1505 195 1558 scriptis
215 1506 389 1545 versibns
421 1506 626 1558 Elegiaeis,
647 1506 715 1557 qui
745 1506 794 1545 ad
816 1505 1061 1557 disciplinam
1082 1519 1232 1545 morum
1252 1507 1504 1557 pertinerent,

43 1576 102 1616 ut,
124 1570 267 1621 saepius
287 1570 466 1622 legendo,
485 1568 814 1621 praestantissimis
833 1568 1041 1620 praeceptis
1059 1562 1198 1606 civium
1220 1567 1335 1606 animi
1355 1567 1506 1604 imbue-

42 1637 192 1678 rentur,
212 1637 333 1682 atque
360 1632 409 1671 ad
430 1631 707 1670 humanitatem
728 1643 940 1681 omnesque
961 1630 1125 1669 virtutes
1145 1629 1506 1668 conformarentur:

43 1693 94 1731 de
124 1693 183 1731 his
203 1693 380 1744 egregius
399 1699 458 1731 est
483 1694 591 1732 locus
611 1693 785 1731 Platonis
808 1691 847 1730 in
866 1693 1102 1743 Hipparcho
1122 1699 1152 1730 t.
1173 1692 1228 1730 II.
1248 1705 1286 1743 p.
1308 1695 1400 1730 228.
1421 1704 1506 1742 seq.

42 1755 137 1794 edit.
157 1755 295 1807 Steph.
313 1755 379 1794 ubi
401 1755 497 1794 duas
517 1755 713 1805 ejusmodi
734 1754 1018 1805 Inscriptiones
1038 1754 1182 1792 habet:
1213 1754 1334 1792 altera
1353 1759 1436 1791 est:

302 1849 449 1901 B‘Ivsma
468 1849 537 1888 τόδ’
555 1848 779 1900 Ἱππάρχου,
801 1853 925 1900 στεῖχε
945 1848 1070 1887 δίκαια
1089 1857 1245 1902 φρονῶν.

44 1956 133 1994 quae
148 1948 272 1982 exstat
292 1956 447 1993 qnoque
467 1943 573 1994 apud
596 1943 794 1982 Stobaeum
811 1944 931 1982 Serm.
951 1943 1021 1982 IX.
1040 1957 1079 1994 p.
1100 1948 1193 1984 102.
1209 1959 1244 1983 v.
1263 1948 1301 1983 9.
1323 1944 1470 1983 altera:

301 2037 449 2090 Mvfipa
467 2038 540 2077 τόδ’
557 2038 779 2093 Ἱππάρχου,
799 2041 850 2089 μὴ
869 2041 983 2091 φίλον
1002 2038 1189 2087 ἐξαπάτα.

46 2130 163 2170 Conf.
180 2131 416 2182 Harpocrat.
436 2138 475 2170 et
490 2131 631 2170 Suidas
650 2146 685 2170 v.
702 2132 855 2183 Ἑρμαῖ,
869 2132 1043 2184 Hesych.
1059 2146 1094 2170 v.
1107 2133 1343 2186 Ἱππαρχεῖοι
1360 2133 1509 2185 Ἑρμαῖ,

48 2192 244 2232 Meursius
269 2193 309 2231 in
329 2193 533 2232 Pisistrato
552 2207 587 2232 c.
611 2199 673 2232 12.
694 2200 734 2232 et
753 2193 874 2232 Attic.
895 2194 1002 2232 Lect.
1024 2195 1046 2231 l.
1071 2195 1117 2231 V.
1139 2208 1174 2232 c.
1195 2199 1248 2242 6.‚
1270 2195 1449 2234 Valesius
1469 2196 1508 2234 in

49 2255 249 2297 Maussac.
268 2255 318 2293 ad
340 2255 535 2306 Harpocr.
556 2268 594 2305 p.
613 2259 705 2293 114.
725 2255 837 2305 (edit.
859 2256 991 2293 Blanc.
1014 2269 1054 2306 p.
1076 2260 1167 2294 286.
1189 2256 1287 2295 edit.
1311 2257 1511 2307 Gronov.)

101 2316 296 2355 Caeternm
317 2317 472 2354 Hermae
498 2317 657 2367 publica
675 2317 907 2355 auctoritate
936 2320 1170 2364 consecrati,
1202 2331 1298 2367 quos
1319 2319 1510 2358 credibile

48 2382 107 2417 est
122 2384 162 2417 et
181 2377 345 2428 majores
364 2377 482 2417 fuisse
501 2384 540 2416 et
559 2378 812 2429 elegantiores
832 2379 892 2427 iis,
913 2391 1012 2429 quos
1033 2380 1173 2430 privati
1200 2380 1375 2419 homines
1396 2381 1509 2420 dedi-

49 2445 246 2487 caverant,
280 2446 421 2491 praeter
447 2440 532 2478 illos
558 2453 654 2489 quos
681 2440 862 2488 diximus,
882 2440 923 2478 hi
951 2440 1032 2479 fere
1057 2441 1161 2492 apud
1189 2448 1334 2480 veteres
1364 2456 1508 2481 memo-

50 2508 197 2542 rantur.

95 2564 320 2615 *Andocidis
342 2565 506 2602 Hermes
531 2564 581 2602 ab
613 2564 775 2615 AEgeide
801 2565 923 2603 Tribu
949 2565 1152 2604 dedicatus
1170 2567 1219 2604 ad
1241 2566 1362 2604 aedem
1385 2567 1511 2604 Phor·

50 2627 179 2666 bantis
207 2639 331 2678 prope
360 2627 518 2664 domum
544 2626 774 2673 Andocidis‚
805 2639 923 2677 quem
954 2628 1054 2666 inter
1080 2628 1308 2679 insigniores
1341 2630 1510 2668 collocat

51 2689 282 2728 Plutarchus
302 2688 339 2726 in
362 2689 491 2726 Alcib.
512 2702 552 2739 p.
572 2692 664 2727 201.
686 2689 729 2727 F.
785 2688 877 2727 Vid'.
898 2689 948 2728 de
968 2704 1014 2727 eo
1031 2690 1184 2730 Andoc.
1199 2690 1248 2729 de
1265 2693 1386 2742 Myst.
1408 2706 1448 2743 p.
1469 2697 1508 2731 9.

53 2765 89 2789 v.
119 2754 200 2798 10.,
242 2749 495 2788 Grammatici
524 2763 560 2789 v.
595 2749 813 2789 Ἀνδοκίδου
841 2750 981 2802 Ἑρμῆς
1014 2765 1226 2801 eorumque
1261 2753 1509 2802 interpretes,

53 2811 386 2850 Vanstaveren·ad
407 2810 506 2862 Nep.
528 2811 656 2851 Alcib.
677 2825 710 2850 c.
725 2815 762 2849 3.
786 2812 826 2863 §.
847 2816 902 2859 2.,
926 2814 966 2851 F.
985 2813 1038 2851 G.
1060 2813 1225 2865 Freytag
1244 2813 1281 2851 in
1303 2814 1415 2854 Orat.
1435 2816 1509 2855 Gr.

53 2872 216 2914 Decade
236 2884 275 2922 p.
296 2875 361 2910 15.
382 2886 503 2921 seqq.,
526 2879 566 2911 et
587 2886 673 2922 quae
694 2873 741 2911 ad
766 2874 879 2912 finem
903 2874 941 2911 li.
960 2875 1058 2925 Cap.
1081 2875 1268 2912 dicemus.

104 2934 245 2986 Ἐρμῆς
266 2935 285 2972 ὁ
310 2934 402 2986 πρὸς
428 2937 471 2990 τῇ
491 2934 617 2973 πυλίδι
646 2934 752 2986 apud
783 2937 983 2975 Demosth.
1003 2936 1040 2973 in
1062 2936 1199 2987 Everg.
1221 2949 1260 2987 p.
1281 2941 1395 2978 1146.
1418 2951 1510 2992 pen.

55 2995 119 3036 ed.
135 2994 270 3046 Reisk.
290 3008 472 3045 quorsum
490 2995 659 3046 pertinet
677 2996 1001 3048 Harpocrationis
1029 3004 1120 3036 nota
1141 3011 1176 3037 v.
1194 2998 1297 3051 Πρὸς
1315 3004 1360 3056 τῇ
1385 3003 1512 3042 πυλίδι
