1925 3272
486 196 833 241 ORATORUM
869 195 1256 239 GRAECORUM.
1527 195 1601 239 xiii

140 314 243 364 apud
270 314 590 359 Demosthenem,
612 320 797 363 tanquam
819 313 867 350 de
885 312 968 350 fals.
993 313 1067 363 leg.
1091 317 1121 360 ξ.
1142 312 1222 361 π·γ’.
1244 311 1293 349 de
1314 311 1459 349 Coron.
1478 316 1509 359 ξ.
1533 311 1602 360 κβ.

141 376 230 413 adv.
246 377 462 414 Timocrat.
484 379 514 423 ξ,
536 376 574 413 ε’.
597 382 635 412 et
656 375 740 412 aliis
763 374 872 412 locis.
931 374 1080 411 Scribae
1099 386 1257 411 munere
1279 373 1383 424 apud
1406 386 1495 411 eum
1517 373 1605 411 fun-

141 444 228 475 etus
247 444 305 475 est
323 437 535 482 AEwhines,
552 444 650 474 teste
668 438 878 486 Anonyrno
892 435 1082 485 scriptore
1099 436 1200 473 Vitae
1216 434 1424 472 AEschiuis.
1448 435 1606 478 Quanta

142 499 305 536 hominis
327 499 499 548 potentia
523 498 558 535 iu
581 497 780 547 republica
801 496 930 542 fuerit,
952 497 1136 546 cognosci
1160 503 1290 545 potest
1312 509 1357 534 ex
1375 496 1605 546 fragmento,

142 560 246 609 quod
270 573 315 596 ex
340 559 553 609 Hyperidis
575 558 760 597 adversus
778 572 863 596 eum
885 557 1060 595 oratione
1083 557 1196 595 affert
1217 558 1452 595 Scholiastes
1476 557 1606 595 Plato-

141 622 200 657 nis
227 620 419 658 ineditus:
449 620 651 670 ’Υπερίέης
678 621 717 658 ἐν
746 623 795 672 τῷ
823 624 917 657 κατ-εὶ
940 621 1250 671 Ἀριστοφῶντος·
1285 618 1375 657 Oi&
1406 623 1482 670 γάρ
1512 621 1608 670 αὐτῷ

140 681 339 733 δεδομένην
355 682 483 720 ἄὲειαν
503 684 562 719 καὶ
582 682 758 733 πράττειν
777 684 835 719 καὶ
855 682 1028 734 γράψειν,
1047 680 1067 717 ὅ
1084 698 1118 719 τι
1134 682 1181 719 ἂν
1200 679 1376 732 ’ἔμβραχυ
1406 680 1606 728 βούληται.

139 744 314 782 Eandem
329 746 542 783 orationem
568 749 691 782 citant
715 745 852 782 Pollux
866 745 959 782 Vll.
984 748 1045 782 11.
1066 751 1106 781 et
1127 744 1418 782 Grammaticus
1440 745 1603 795 Sanger-

138 807 334 843 mariensis
353 807 442 844 MS.
482 806 700 858 Μοιχίὲιον,
721 807 760 844 τὸ
780 807 818 844 ἐκ
834 811 970 857 μοιχοῦ
991 808 1260 858 γεγενημένον.
1288 805 1486 857 (Ὑπερίδης
1503 807 1542 843 ἐν
1560 804 1611 858 τῷ

140 871 236 909 κατά
262 870 575 919 Ἀριστοφῶντος.
601 891 653 896 ——-
672 868 828 906 Tertius
848 868 1092 918 Aristophon
1117 875 1176 905 est
1197 868 1358 906 Archon
1379 868 1606 918 Epouymus

143 930 306 981 Olymp.
327 930 459 968 CXII.
480 935 517 968 2.
553 930 653 967 Vide
682 930 844 967 Diodor.
872 929 994 968 Sicul.
1020 929 1153 967 XVII.
1182 942 1221 979 p.
1243 933 1335 967 208.
1359 935 1398 967 et
1426 929 1479 966 ibi
1500 929 1607 966 NVes-
1628 929 1705 964 131

144 993 277 1043 seling.
298 993 389 1030 item
408 992 560 1029 Corsin.
580 992 684 1029 Fast.
707 994 791 1030 An.
813 992 925 1029 Tom.
943 992 1014 1029 IV.
1038 1004 1076 1041 p.
1095 996 1161 1028 44.
1218 992 1336 1029 Hunc
1353 1005 1373 1028 a
1392 992 1608 1042 Colyttensi

143 1055 338 1093 diversum
361 1069 458 1100 esse,
475 1055 619 1092 clarum
641 1062 700 1092 est
717 1069 762 1092 ex
787 1054 1052 1092 Demosthene
1071 1054 1118 1091 de
1141 1054 1284 1092 Coron.
1305 1059 1336 1102 ξ.
1361 1052 1433 1101 νβ’.
1455 1055 1519 1091 ubi
1536 1054 1611 1092 Co—

145 1118 349 1168 lyttensein
374 1123 563 1154 mortuum
585 1115 694 1153 dicit.
754 1118 805 1153 At
827 1116 889 1153 hic
910 1115 1014 1152 illum
1043 1116 1170 1165 ipsun]
1193 1128 1348 1160 annum,
1375 1129 1454 1165 quo
1475 1116 1611 1154 habita

142 1186 203 1218 est
229 1180 354 1217 oratio
378 1179 426 1217 de
455 1179 625 1223 Corona,
651 1192 720 1216 suo
746 1179 900 1216 nomine
930 1178 1120 1228 signabat.
1180 1179 1304 1216 Erunt
1334 1179 1513 1226 fortasse,
1543 1181 1611 1230 qui

144 1242 382 1279 Archontem
401 1243 516 1279 etiam
533 1241 568 1277 in
581 1241 791 1279 Oratorum
807 1253 967 1278 numero
983 1247 1142 1290 ponant,
1158 1241 1280 1277 secuti
1296 1241 1610 1290 Theophrastum

143 1305 262 1344 Char.
287 1309 324 1342 8.
345 1304 694 1354 προσδιηγήσασθαι
719 1304 758 1342 δὲ
779 1306 837 1341 καὶ
857 1306 924 1348 τὴν
949 1303 1004 1340 ἐπ’
1021 1305 1324 1355 Ἀριστοφῶντος
1346 1303 1434 1341 ποτὲ
1456 1306 1611 1356 γενομέ-

142 1383 211 1414 ιιην
237 1374 300 1404 τοῦ
327 1367 480 1418 ῥήτορος
507 1368 650 1418 μάχην.
708 1367 869 1410 Verum,
892 1365 963 1402 nisi
983 1365 1066 1402 aliis
1093 1365 1318 1402 testimoniis
1342 1365 1610 1413 confirmetur,

141 1428 383 1466 Archontem
410 1436 604 1466 oratorem
636 1428 769 1473 fuisse,
803 1427 936 1477 potius
964 1427 1000 1464 in
1035 1427 1136 1464 hanc
1164 1434 1316 1478 partem
1344 1427 1540 1473 inclinem,
1568 1433 1610 1465 ut

141 1504 275 1528 vocem
293 1491 449 1541 ῥὴτορος
465 1491 514 1528 ab
530 1491 587 1537 iis,
604 1491 670 1541 qui
688 1490 928 1528 Archontem
950 1501 1039 1528 cum
1057 1488 1292 1526 Oratoribus
1309 1488 1610 1536 confunderent,

143 1560 287 1591 temere
311 1553 498 1594 intrusam
516 1560 664 1603 putem.

196 1614 268 1650 XI.
300 1616 579 1652 ANDocnms
601 1621 640 1652 et
662 1614 853 1652 PHAEAX.
910 1614 1061 1652 Horum
1087 1615 1297 1656 oratorum
1325 1617 1538 1664 historiam,
1559 1617 1610 1655 ob
1665 1655 1667 1657 ,

141 1688 291 1721 causas,
312 1688 401 1712 mox
422 1674 710 1724 intelligendas,
725 1675 1019 1726 conjungamus.
1077 1677 1152 1715 Sed
1172 1685 1260 1716 ante
1282 1678 1463 1728 quaedam
1486 1691 1610 1716 remo-

141 1736 266 1774 venda
288 1743 390 1781 sunt,
419 1748 509 1785 quae
541 1735 698 1773 officere
728 1735 818 1773 huic
845 1736 1116 1786 disputationi,
1147 1744 1186 1775 et
1214 1739 1290 1777 vim
1321 1738 1408 1787 ejus
1439 1740 1610 1778 minuere

140 1804 313 1848 possent.
371 1799 535 1835 Exstant
553 1797 657 1834 Vitae
679 1797 736 1835 X.
758 1797 985 1844 Oratorum,
1019 1812 1130 1849 quas,
1164 1801 1233 1850 qui
1263 1814 1310 1838 ex
1332 1800 1525 1851 Lampriae
1546 1814 1610 1839 ca-

139 1859 270 1909 talogo
292 1858 485 1896 *librorum
515 1858 835 1897 Plutarcheorum
873 1859 1106 1905 didicerant,
1138 1861 1394 1900 Plutarchum
1432 1861 1610 1911 ejusdem

139 1920 355 1971 argumenti
388 1920 530 1958 librum
565 1920 784 1970 scripsisse,
805 1934 845 1958 re
877 1934 955 1958 non
981 1922 1196 1971 explorata,
1225 1923 1428 1961 Plutarchi
1457 1924 1611 1962 nomine

139 1982 468 2032 proscripserunt.
525 1982 626 2019 Nam
648 1982 805 2028 librum,
825 1983 891 2033 qui
913 1996 1017 2020 nunc
1040 1990 1232 2033 superest,
1253 1998 1330 2022 non
1364 1998 1448 2022 esse
1477 1997 1495 2021 a
1518 1985 1612 2022 Plu-

140 2046 276 2083 tarcho
296 2047 495 2096 scripturn,
527 2052 603 2083 tani
635 2045 796 2083 evidens
833 2053 871 2083 et
901 2046 1152 2096 perspicuum
1192 2055 1266 2094 est,
1300 2056 1341 2086 ut
1373 2048 1526 2086 Ionsius
1562 2048 1612 2086 de

141 2106 333 2157 Scriptor.
355 2107 407 2144 H.
433 2106 507 2144 Ph.
531 2107 606 2144 ΙΙΙ.
629 2111 665 2144 6.
689 2110 835 2157 p.234.
861 2108 946 2157 ejus
981 2107 1034 2145 rei
1064 2107 1397 2147 demonstratione
1432 2123 1612 2160 superse-

139 2167 231 2204 dere
253 2167 459 2218 potuisset.
516 2167 633 2205 Hunc
659 2168 814 2212 librum,
849 2168 979 2205 multis
1008 2169 1173 2215 omissis,
1204 2171 1398 2208 nonnullis
1431 2171 1610 2222 adjectis,

140 2228 337 2278 plerisque
357 2228 486 2279 aptius
517 2229 730 2278 dispositis,
752 2236 794 2266 ut
812 2242 911 2279 opus
941 2242 1066 2275 suum,
1089 2230 1128 2267 in
1152 2231 1441 2269 Bibliothecam
1472 2232 1608 2270 intulit

139 2288 317 2335 Pliotius,
339 2289 439 2327 Cod.
463 2288 644 2327 CCLIX.
665 2295 704 2327 et
725 2302 836 2339 seqq.
885 2291 942 2327 At
963 2290 1087 2340 qualis
1104 2290 1260 2329 tandem
1282 2292 1379 2329 liber
1398 2291 1487 2330 est?
1518 2293 1609 2331 Ple-

141 2363 230 2388 num
247 2349 408 2396 fraudis,
429 2349 737 2399 mendaciorum,
753 2364 926 2388 errorum
947 2351 1044 2389 dicit
1065 2352 1256 2403 Taylorus
1273 2353 1380 2391 Lect.
1401 2353 1556 2404 Lysiae.
1574 2367 1608 2391 c.

140 2412 189 2451 V.
210 2418 249 2449 et
270 2412 338 2449 VI.
361 2412 410 2450 ad
436 2412 692 2451 Demosthen.
714 2412 803 2451 adv.
836 2413 1002 2451 Midiam
1029 2413 1111 2452 init.
1136 2415 1242 2452 etad
1267 2415 1487 2453 AEschinem
1520 2415 1607 2453 adv.

141 2472 318 2524 Ctesiph.
341 2473 425 2512 init.
444 2480 502 2511 tot
524 2473 703 2512 convicia
723 2487 938 2525 congerens
965 2475 1003 2512 in
1037 2475 1126 2512 libri
1153 2477 1397 2526 scriptorem,
1420 2483 1462 2514 ut
1498 2476 1609 2527 cupi-

141 2534 243 2572 ditas
274 2534 472 2585 quaedam,
495 2548 584 2584 quae
603 2548 626 2573 a
647 2535 714 2573 tali
743 2549 783 2574 re
816 2536 955 2586 procul
989 2537 1226 2575 removenda
1257 2543 1354 2583 erat,
1389 2538 1502 2575 facile
1524 2537 1607 2576 ani-

139 2595 417 2634 madvertatur.
476 2596 560 2646 Ego
580 2609 686 2643 vero,
705 2596 781 2635 hoc
797 2597 984 2647 scriptore
1002 2611 1106 2648 saepe
1124 2599 1364 2649 multumque
1385 2600 1603 2645 tractando,

140 2658 322 2707 cognovi,
343 2657 624 2709 cognitumque
646 2658 850 2704 confirmo,
879 2672 953 2706 me,
975 2660 1154 2710 quamvis
1175 2667 1429 2709 quaerentem,
1457 2674 1545 2709 quae
1566 2660 1604 2698 in
1624 2657 1704 2692 132

141 2718 250 2755 malae
281 2718 374 2757 fidei
415 2720 679 2771 suspicionem
708 2733 900 2766 vocarem,
923 2734 971 2759 ne
1001 2721 1234 2760 levissimum
1268 2723 1423 2773 quidem
1457 2722 1605 2761 fraudis

140 2779 343 2829 vestigium
365 2783 569 2831 reperisse.
629 2783 767 2832 Itaque
788 2783 879 2820 huic
902 2783 1082 2833 scriptori
1114 2797 1302 2823 summam
1324 2785 1439 2822 fidem
1462 2785 1602 2832 tribuo,

139 2853 331 2878 summum
353 2843 432 2880 veri
453 2843 638 2881 studium.
696 2843 773 2881 Sed
796 2843 901 2881 idem
922 2843 1061 2892 fateor,
1087 2846 1320 2883 mediocrem
1353 2847 1393 2883 in
1423 2860 1470 2884 eo
1494 2847 1605 2896 judi-

139 2902 256 2939 candi
285 2902 510 2942 facultatem
538 2904 666 2943 fuisse.
725 2905 825 2942 Nam
858 2904 1034 2954 ejusdem
1066 2907 1231 2944 nominis
1263 2907 1469 2957 scriptores
1501 2921 1604 2958 saepe
1653 2907 1657 2909 ’

141 2963 362 3009 confundit,
393 2971 434 3003 ut
465 2965 502 3004 in
530 2967 606 3005 vita
637 2966 913 3016 Antiphontis:
948 2979 1170 3016 quanquam
1207 2967 1268 3006 ille
1298 2981 1403 3006 error
1434 2970 1467 3007 ei
1497 2982 1603 3007 coni-
