1818 3189
107 2468 183 2502 143

183 163 239 191 xx
540 144 890 191 RUHNKENII
925 144 1075 188 HIST.
1109 143 1265 188 CRIT.

256 261 368 299 XVI.
398 261 584 299 Lvs1As.
617 261 678 299 De
700 274 746 298 eo
767 260 907 299 Cicero
929 262 1039 298 Brut.
1060 266 1098 300 9.
1132 264 1156 281 ‘¹
1171 258 1271 297 Tum
1292 256 1364 295 fuit
1385 255 1533 307 Lysias,
1555 255 1638 306 ipse

189 322 345 372 quidem
366 322 403 360 in
425 323 551 360 causis
573 321 790 360 forensibus
813 335 889 360 non
911 328 1095 367 versatus,
1115 320 1183 358 sed
1204 318 1354 370 egregie
1375 316 1527 354 subtilis
1546 316 1639 353 scri-

188 390 292 434 ptor,
312 392 429 433 atque
449 383 618 433 elegans,
644 396 760 434 quem
774 382 856 432 jam
886 396 1010 434 prope
1036 382 1181 420 audeas
1209 387 1401 418 oratorem
1424 376 1640 428 perfectum

188 444 356 482 dicere.''
384 445 593 482 Hactenus⁴
608 444 673 482 ille
699 444 748 482 de
771 444 900 495 Lysia.
947 444 1048 482 Nam
1071 457 1159 493 quae
1181 446 1404 492 sequuntur,
1427 439 1475 475 de
1499 438 1643 474 Demo-

189 507 323 544 sthene
345 506 528 544 dicuntur
554 519 623 544 nec
652 520 672 543 a
692 506 864 556 Tayloro
892 506 930 543 in
959 506 1171 543 Testimon.
1193 504 1242 541 de
1264 503 1378 553 Lysia
1404 500 1451 538 ad
1490 498 1643 550 Lysiam

191 569 323 606 referri
356 568 566 607 debebant.
642 569 738 618 Ejus
769 574 897 607 autem
933 567 1129 606 historiam
1163 566 1369 616 Taylorus‚
1398 569 1438 601 et
1468 561 1588 612 ipsius
1607 565 1648 597 et

192 629 351 667 aliorum
383 631 606 678 Oratoruml
626 630 846 680 sospitator,
877 630 926 668 ita
957 628 1176 674 illustravit,
1207 627 1301 665 nihil
1335 631 1376 664 ut
1407 635 1523 675 supra
1554 620 1646 660 addi

190 703 305 740 posse
326 691 518 730 videatur.

246 753 378 790 XVII.
412 752 562 803 Lysiam
584 753 758 802 sequitur
779 752 1053 798 IsocRATEs,
1072 750 1287 789 communis
1307 751 1526 799 praeceptor
1545 745 1647 782 Ora-

191 819 333 860 torum,
367 827 465 864 quos
494 813 678 864 deinceps
706 813 1004 859 recensebimus,
1034 825 1158 864 prope
1190 810 1374 849 omnium.
1432 807 1570 844 Cicero
1598 803 1647 842 de

191 875 305 913 Orat.
332 875 384 912 II.
412 879 475 913 22.
500 881 525 896 “
544 876 646 913 Ecce
679 875 747 913 tibi
778 881 934 912 exortus
960 881 1019 912 est
1050 874 1255 917 Isocrates,
1275 869 1458 919 magister
1488 867 1646 904 istorum

191 936 380 981 omnium,
402 936 515 985 cujus
539 949 558 974 e
579 936 688 981 ludo,
711 943 895 985 tanquam
916 948 962 972 ex
982 947 1084 984 equo
1111 932 1303 981 Trojano,
1330 930 1424 968 meri
1453 927 1648 979 principes

190 997 386 1035 exierunt:
430 998 496 1035 sed
527 1010 657 1035 eorum
694 998 833 1048 partim
860 997 898 1034 in
932 1009 1091 1047 pompa,
1123 996 1262 1046 partim
1295 993 1333 1030 in
1363 992 1448 1030 acie
1480 991 1649 1027 illustres

192 1070 275 1095 esse
296 1058 512 1096 voluerunt.
570 1059 710 1108 Itaque
730 1064 769 1095 et
789 1057 858 1104 illi,
877 1057 1140 1107 Theopompi,
1169 1055 1331 1106 Ephori,
1353 1053 1520 1098 Philisti,
1540 1052 1650 1089 Nau-

193 1125 324 1165 cratae,
359 1120 542 1170 multique
581 1119 644 1156 alii
683 1119 827 1156 naturis
867 1119 1071 1157 differunt:
1110 1117 1308 1155 voluntate
1342 1121 1471 1152 autem
1506 1113 1650 1151 similes

193 1187 296 1225 sunt,
317 1187 356 1217 ct
372 1180 471 1217 inter
492 1194 590 1225 sese,
614 1184 654 1218 et
674 1180 870 1229 magistri:
902 1186 941 1217 et
961 1179 999 1225 ii,
1022 1178 1088 1230 qui
1109 1191 1149 1216 se
1169 1177 1217 1215 ad
1235 1189 1369 1215 causas
1388 1174 1650 1220 contulerunt,

194 1248 237 1279 ut
258 1241 556 1287 Demosthenes,
580 1241 812 1292 Hyperides,
834 1241 1048 1291 Lycurgu3‚
1076 1239 1292 1285 AEschines,
1314 1236 1547 1281 Dinarchus,
1568 1233 1651 1272 alii-

194 1316 271 1353 que
292 1303 522 1353 complures,
543 1303 613 1340 etsi
638 1303 738 1340 inter
759 1299 798 1339 se
834 1314 947 1352 pares
972 1314 1050 1339 non
1071 1301 1241 1345 fuerunt,
1261 1306 1388 1337 tamen
1410 1303 1495 1335 sunt
1520 1308 1652 1333 omnes

195 1364 233 1401 iu
256 1364 395 1401 eodem
416 1364 585 1401 veritatis
607 1363 805 1402 imitandae
827 1376 967 1414 genere
989 1362 1166 1400 versati.''
1224 1361 1302 1399 Ubi
1322 1359 1530 1397 Lambinus
1554 1358 1653 1395 bene

196 1424 321 1472 rejicit
342 1426 547 1474 glossema,
568 1425 671 1473 quod
702 1425 751 1462 de
777 1425 946 1474 margine
976 1425 1014 1462 in
1040 1431 1186 1462 textum
1209 1422 1327 1468 venit,
1349 1422 1539 1471 magister
1563 1421 1657 1457 isto-

195 1499 282 1524 rum
310 1488 490 1532 omnium,
518 1487 580 1524 cui
606 1486 750 1525 frustra
777 1486 956 1524 codicum
983 1498 1216 1523 consensum
1239 1483 1379 1532 objicit
1399 1482 1519 1520 Zach.
1541 1481 1656 1518 Pear-

196 1549 292 1585 cius.
351 1539 452 1586 Nam
477 1547 661 1598 pleraque
692 1547 937 1596 glossemata,
959 1559 1046 1596 quae
1069 1545 1129 1584 vel
1150 1545 1188 1582 in
1215 1545 1404 1582 Cicerone
1426 1542 1485 1581 vel
1509 1542 1548 1578 in
1573 1541 1655 1579 aliis

196 1608 448 1656 scriptoribus
480 1609 733 1658 reperiantur,
755 1608 968 1646 vetustiora
1000 1614 1091 1645 sunt
1113 1606 1343 1651 Codicibus,
1370 1605 1438 1654 qui
1466 1617 1568 1642 nunc
1594 1617 1656 1641 su-

196 1675 368 1718 persunt.
427 1669 505 1706 Sed
521 1669 622 1706 idem
643 1669 794 1719 gravius
813 1668 990 1719 peccavit
1009 1668 1235 1718 recipienda
1257 1667 1514 1718 pessimorum
1534 1666 1653 1703 libro-

196 1743 281 1768 rum
303 1731 520 1780 scriptura:
553 1735 677 1768 tamen
698 1734 793 1767 sunt
813 1742 937 1767 omnes
962 1731 1004 1767 in
1031 1728 1158 1767 eodem
1184 1729 1345 1766 virtutis
1364 1726 1568 1765 imitandae
1583 1740 1653 1778 ge-

197 1804 286 1834 nere
305 1793 460 1829 versati.
497 1791 637 1842 Neque
657 1793 758 1829 enim
779 1791 913 1828 vitium
933 1797 992 1828 est
1013 1791 1050 1827 in
1073 1791 1264 1838 veritatis,
1283 1789 1351 1827 sed
1376 1789 1414 1826 in
1434 1787 1652 1827 imitandoe.

199 1854 324 1902 Lege:
357 1858 481 1891 tamen
502 1858 596 1890 sunt
615 1865 742 1891 omnes
754 1854 796 1890 in
811 1851 937 1891 eodem
952 1853 1131 1890 veritatis
1147 1851 1324 1890 tutandae
1340 1863 1482 1902 genere
1498 1851 1653 1888 versati.

202 1914 342 1952 Tutarz‘
359 1916 567 1959 veritatem,
584 1927 811 1952 conservare
832 1913 1104 1964 eloquentiam,
1120 1926 1207 1963 quae
1224 1925 1331 1950 veras
1346 1925 1482 1950 causas
1498 1918 1654 1957 tractat,

199 1987 275 2012 non
306 1974 418 2012 fictas
448 1976 496 2012 ad
529 1976 841 2012 ostentationem.
899 1975 988 2012 Vim
1011 1977 1118 2012 vocis
1148 1975 1290 2011 veritas
1317 1973 1577 2024 explicuimus
1604 1972 1654 2010 ad

199 2036 318 2074 Rutil.
340 2037 392 2074 II.
415 2041 452 2074 6.
473 2049 511 2086 p.
532 2040 597 2074 22.
656 2036 716 2073 De
737 2037 908 2074 Isocrate
927 2035 1086 2085 insignis
1108 2035 1220 2073 etiam
1245 2035 1353 2072 locus
1374 2041 1431 2072 est
1452 2034 1655 2071 Ciceronis

199 2098 304 2135 Brut.
316 2102 479 2147 8.quem
496 2104 534 2135 et
549 2098 671 2147 ipsum
688 2098 926 2148 Interpretes
943 2097 1038 2134 male
1051 2102 1288 2146 acceperunt
1303 2108 1312 2132 t
1330 2100 1356 2116 “
1371 2094 1525 2133 Exstitit
1540 2095 1656 2145 igitur

194 2159 276 2208 jam
293 2159 447 2196 senibus
462 2158 534 2195 illis
552 2159 759 2204 Isocrates,
776 2158 889 2207 cujus
907 2158 1046 2195 domus
1062 2163 1215 2196 cunctae
1233 2156 1404 2194 Graeciae
1419 2156 1527 2205 quasi
1543 2157 1657 2195 ludus

201 2220 359 2270 quidam
383 2221 520 2270 patuit,
543 2228 659 2271 atque
680 2220 838 2258 officina
854 2219 1025 2264 dicendi,
1049 2217 1209 2269 magnus
1230 2224 1375 2264 orator,
1397 2225 1436 2256 et
1455 2218 1657 2268 perfectus

201 2282 394 2332 magister,
411 2295 631 2331 quanquam
649 2282 791 2319 forensi
811 2282 897 2319 luce
918 2281 1056 2328 caruit,
1075 2282 1252 2330 intraque
1272 2280 1442 2330 parietes
1458 2280 1554 2318 aluit
1571 2292 1656 2318 eam

200 2343 374 2391 gloriam,
395 2357 509 2394 quam
533 2356 644 2381 nemo
665 2343 836 2393 quidem,
857 2356 943 2381 meo
959 2343 1127 2392 judicio,
1151 2350 1210 2380 est
1230 2348 1366 2393 postea
1386 2345 1656 2381 consecutus.”

201 2404 245 2442 In
269 2404 342 2442 hoc
367 2405 456 2442 loco
477 2405 547 2442 etsi
575 2405 668 2442 nihil
689 2405 899 2450 desideres,
920 2411 1046 2442 tamen
1068 2404 1224 2455 Lipsius
1245 2403 1337 2440 Var.
1364 2404 1472 2442 Lect.
1492 2404 1568 2441 ΙΙΙ.
1589 2408 1655 2443 14.

201 2479 221 2503 e
242 2465 383 2503 Rufino
404 2466 674 2503 Grammatico
696 2465 813 2515 legit:
844 2478 956 2517 quum
980 2478 1085 2503 nemo
1112 2464 1279 2516 quidem,
1299 2477 1378 2502 meo
1396 2465 1572 2516 judicio,
1600 2470 1658 2504 est

194 2534 313 2578 poeta
345 2534 581 2566 consecutus.
638 2528 738 2571 Quae
776 2528 967 2578 scriptura
998 2528 1052 2566 sic
1089 2526 1236 2578 placuit
1263 2527 1449 2574 Grutero,
1482 2531 1524 2564 ut
1557 2539 1657 2575 eam,

201 2596 343 2639 praeter
370 2602 516 2628 morem
547 2602 671 2635 suum,
701 2591 738 2627 in
767 2595 916 2628 textum
947 2589 1116 2628 inferret.
1175 2589 1252 2628 Sed
1280 2589 1406 2627 nullus
1433 2589 1496 2627 hic
1526 2589 1658 2628 Poetoe

201 2650 310 2689 locus
337 2658 408 2690 est.
465 2651 606 2689 Cicero
625 2651 735 2697 dicit,
759 2651 968 2689 Isocratem
990 2664 1036 2689 ea
1055 2650 1231 2689 floruisse
1252 2651 1384 2702 gloria,
1408 2663 1524 2701 quam
1546 2663 1658 2690 nemo

203 2713 359 2762 quidem
379 2713 534 2751 dicendi
555 2714 750 2763 magister,
773 2725 843 2750 suo
857 2712 1026 2761 judicio,
1043 2713 1092 2750 sit
1109 2718 1243 2763 postea
1259 2718 1506 2750 consecutus.
1538 2711 1657 2756 Quod

204 2774 439 2812 verissimum
470 2788 568 2819 esse,
591 2788 637 2812 ex
661 2774 818 2812 historia
840 2780 1008 2812 constat.
1043 2773 1143 2812 Nam
1171 2774 1297 2812 nullus
1319 2787 1486 2824 unquam
1508 2773 1659 2812 Rhetor

203 2840 268 2871 aut
289 2835 414 2884 plures
435 2835 650 2886 discipulos
671 2836 818 2882 habuit,
838 2842 902 2873 au!
925 2848 995 2886 per
1016 2849 1080 2874 cos
1100 2835 1239 2874 famam
1263 2850 1371 2874 suam
1387 2836 1502 2874 latius
1516 2848 1657 2886 propa-

205 2897 320 2945 gavit.
359 2896 583 2946 Isocratem,
602 2898 718 2937 etiam
739 2899 776 2936 in
799 2897 982 2937 historico
1005 2897 1197 2938 scribendi
1220 2911 1372 2949 genere.
1397 2898 1534 2936 imitati
1563 2903 1654 2937 suut
