1818 3189
233 212 318 255 208
709 209 745 251 Ι.
780 208 923 278 OTT..
939 205 1215 251 SLUITERI

233 319 445 358 delationes
467 328 713 367 nequaquam
744 316 845 354 inter
876 329 915 354 se
944 315 1183 362 convenisse,
1206 320 1244 352 et
1264 314 1346 364 ipsa
1367 325 1456 363 quae
1474 318 1562 350 sunt
1580 310 1686 362 apud

233 380 478 421 Andocidem
512 374 700 429 exempla'
717 379 900 428 probant,
928 385 968 415 et
993 378 1104 416 testis
1131 383 1189 414 est
1216 374 1447 413 Plutarchus
1467 386 1506 424 p.
1528 377 1620 411 201.
1641 373 1686 410 E.

233 445 355 481 Porro
390 440 496 491 quod
530 439 755 478 Andocides
793 439 1053 491 Pythonicum
1084 439 1248 489 primum
1280 436 1376 475 facit
1408 441 1690 479 accusatorem,

235 504 472 542 Androclem
493 492 740 546 Phltarchus‚
761 501 800 539 id
823 502 876 539 ita
892 501 1055 539 fortasse
1075 500 1203 546 fuerit,
1223 506 1265 537 ut
1282 497 1523 549 Pythonicus
1543 495 1693 546 primus

234 567 273 604 in
293 565 498 611 concione,
519 564 736 602 Androcles
766 563 803 600 in
837 570 970 601 senatu
1000 562 1192 601 accusarit
1221 560 1480 603 Alcibiadem,
1503 557 1609 608 quod
1635 558 1696 595 ita.

234 627 389 666 videtur
415 632 575 678 propter
600 626 726 663 locum
755 625 875 673 ipsius
907 624 1119 662 Andocidis
1145 638 1184 675 p.
1206 628 1243 662 4.
1264 627 1328 662 38.
1358 624 1442 672 περὶ
1472 628 1544 659 τῶν
1575 620 1691 670 μηνύ-

235 707 329 741 τρων
348 686 671 741 -ἠμφισβήτουν
697 686 797 726 οὗτοί
823 704 859 725 τε
883 687 916 724 οἱ
941 687 1187 737 μηνύσαντες,
1216 687 1273 723 καὶ
1299 683 1510 726 Πυθόνικος
1540 682 1690 732 φάσκων

234 759 378 803 πρῶτος
406 752 645 799 εἰσαγγεῖλαι
673 751 731 786 καὶ
756 746 1098 800 Ἀνδροκλῆςὺπὲρ
1125 757 1190 794 τῆς
1214 746 1367 795 βουλῆς.
1425 745 1541 782 Hunc
1561 749 1688 781 autem

234 814 479 865 potissimum
510 817 696 849 memorat
724 810 967 855 Plutarchus,
993 822 1073 860 quo
1100 809 1239 847 clarius
1265 813 1453 858 appareat
1482 804 1689 842 Androclis

234 875 366 913 odium
400 874 436 911 in
466 872 726 918 Alcibiadem,
757 871 821 910 cui
851 871 1079 909 acerrimum
1108 870 1214 908 illum
1247 870 1395 907 hostem
1417 867 1537 905 fuisse
1564 866 1618 903 ait
1648 878 1690 915 p.

235 940 327 974 200.
349 936 395 973 E.
454 934 566 971 Illam
587 946 678 970 vero
700 932 990 970 accusationum
1011 930 1296 968 multitudinem
1316 935 1355 967 et
1370 929 1591 966 varietatem
1613 939 1691 963 non

235 1004 294 1036 est
315 996 419 1048 quod
441 997 633 1033 miremur.
691 993 886 1032 Credibile
907 991 969 1031 est
995 994 1095 1030 enirn
1117 1005 1193 1029 non
1213 998 1360 1030 tantum
1383 989 1600 1028 Alcibiadis
1620 988 1692 1026 ob-

234 1065 478 1104 trectatoreS,
499 1070 597 1106 quos
613 1056 825 1106 permultos
845 1055 1029 1100 habebat,
1046 1053 1112 1091 sed
1134 1053 1229 1091 alios
1250 1053 1380 1099 etiam,
1396 1052 1538 1102 quibus
1557 1063 1692 1103 graves

233 1127 361 1159 essent
387 1118 616 1166 inimicitiae,
637 1117 723 1155 illos
747 1116 892 1155 infimae
922 1115 1157 1155 conditionis
1186 1115 1362 1154 homines
1391 1113 1622 1164 corrupisse,
1651 1119 1693 1151 ut

236 1184 295 1221 vel
329 1181 587 1226 Alcibiadem,
618 1181 676 1218 vel
707 1193 805 1231 quos
836 1177 910 1230 ipsi
940 1179 1093 1226 vellent,
1120 1178 1302 1216 inimicos
1331 1190 1421 1215 suos
1448 1182 1692 1221 accusarent,

236 1258 323 1283 cum
345 1245 418 1281 hac
440 1243 587 1281 ratione
614 1242 795 1280 facillime
822 1254 861 1279 se
893 1241 978 1278 illos
1003 1253 1087 1278 esse
1115 1239 1340 1290 perdituros
1366 1237 1557 1275 viderent.
1613 1237 1691 1276 Sed

237 1313 318 1344 tum
339 1305 494 1356 quidem
515 1304 772 1349 Alcibiadem,
793 1303 1052 1353 postulantem
1083 1308 1125 1339 ut
1151 1301 1199 1339 de
1226 1306 1419 1351 praesente
1438 1299 1565 1338 statim
1587 1312 1695 1349 quae-

237 1369 311 1407 stio
332 1368 552 1413 haberetur,
575 1366 682 1416 quod
704 1365 835 1403 noceri
864 1378 978 1414 posse
998 1364 1271 1414 desperabant,
1292 1363 1436 1400 inimici
1453 1361 1694 1415 dimiserunt,

238 1444 286 1468 ne
306 1429 456 1468 scilicet
476 1428 673 1478 expeditio
696 1426 980 1465 retardaretur:
1010 1427 1209 1463 absentem
1231 1424 1420 1462 criminari
1441 1437 1518 1462 non
1535 1423 1695 1462 destite-

237 1499 339 1531 runt.
386 1492 476 1535 Quo
495 1490 640 1528 factum
663 1495 735 1535 est,
757 1495 799 1526 ut
820 1488 925 1526 brevi
946 1488 1067 1534 illum,
1091 1488 1204 1525 missa
1225 1487 1448 1534 Salaminia,
1468 1486 1516 1523 ad
1539 1498 1694 1524 causam

241 1554 444 1593 dicendam
478 1552 636 1590 domum
668 1551 792 1589 redire
819 1549 1021 1599 jusserint.
1078 1550 1168 1600 Ipse
1199 1562 1291 1586 vero
1321 1561 1388 1586 sua
1417 1547 1562 1586 triremi
1590 1546 1696 1585 Sala·

242 1616 398 1654 miniam
430 1620 600 1660 secutus,
628 1627 716 1651 cum
746 1613 912 1649 Thurios
943 1611 1195 1662 pervenisset,
1220 1611 1317 1648 clam
1348 1623 1388 1647 se
1416 1623 1438 1647 a
1466 1608 1717 1647 custodibus·

241 1678 441 1722 subduxit,
475 1677 513 1714 in
543 1676 851 1726 Peloponnesum
884 1673 1050 1723 trajecit,
1083 1673 1403 1712 Lacedaemonem
1437 1687 1476 1711 se
1507 1672 1696 1717 contulit;

243 1740 310 1778 ubi
330 1739 466 1789 patriae
488 1738 717 1787 civibusque
737 1736 814 1774 suis
837 1743 982 1774 tantum
1004 1736 1150 1783 nocuit,
1168 1742 1358 1786 quantum
1377 1735 1468 1773 etin
1489 1735 1636 1780 Sicilia,
1658 1740 1700 1772 et

241 1801 417 1846 Athenis,
446 1799 632 1850 prodesse
663 1797 864 1848 potuisset.
923 1798 1064 1846 Itaque
1092 1803 1130 1834 et
1158 1796 1451 1834 Atheniensium
1483 1795 1522 1833 in
1552 1795 1698 1842 Sicilia,

243 1864 358 1900 misso
379 1861 570 1911 Gylippo,
592 1872 718 1897 caesus
745 1865 804 1896 est
833 1858 1038 1903 exercitus,
1065 1865 1105 1895 et
1131 1857 1303 1895 Decelea
1326 1857 1412 1907 ejus
1431 1857 1596 1895 consilio
1615 1869 1698 1894 mu-

243 1924 337 1968 nita,
359 1929 398 1960 et
414 1922 524 1960 Ionia
544 1934 566 1958 a
587 1920 771 1958 societate
792 1919 1085 1957 Atheniensium
1105 1933 1172 1969 per
1187 1919 1311 1969 ipsum
1333 1924 1391 1956 est
1410 1931 1556 1956 aversa.
1584 1917 1699 1956 Unde

243 1984 376 2023 fractis
399 1996 530 2021 eorum
560 1981 720 2031 viribus,
741 1993 937 2030 nunquam
960 1993 999 2017 se
1019 1980 1189 2030 recipere
1211 1986 1445 2030 potuerunt3
1475 1992 1521 2017 ac
1542 1979 1700 2018 tandem

244 2052 333 2096 post
353 2045 572 2083 diuturnam
601 2043 852 2080 luctationem
879 2048 960 2080 tota
982 2041 1220 2092 Respublica
1243 2041 1430 2086 concidit,
1452 2047 1492 2079 et
1518 2042 1555 2078 in
1581 2042 1699 2080 Lace—

244 2106 523 2146 daemoniorum
546 2111 798 2156 postestatem
832 2110 1091 2155 pervenerunt
1110 2103 1290 2140 Athenae.
1349 2103 1427 2141 Sed
1454 2103 1537 2141 haec
1568 2103 1701 2141 hacte-

247 2182 341 2208 nus:
371 2168 573 2206 redeamus
596 2166 644 2204 ad
667 2166 928 2204 Andocidem.

301 2232 430 2275 Quum
451 2243 541 2268 vero
573 2229 622 2267 de
649 2229 713 2266 illo
741 2235 937 2279 quotquot
969 2229 1217 2278 scripserunt,
1240 2241 1286 2265 ne
1307 2228 1385 2265 duo
1407 2227 1562 2278 quidem
1589 2228 1705 2278 plane

245 2293 380 2331 eadem
401 2291 570 2339 tradant,
589 2304 718 2341 operae
738 2290 905 2340 pretium
926 2303 996 2328 nos
1017 2290 1186 2328 facturos
1201 2289 1477 2334 existimamus,
1499 2289 1543 2335 si,
1566 2302 1705 2328 excus-

249 2356 299 2392 sis
327 2354 565 2404 singulorum
594 2359 794 2390 auctorum
823 2352 1065 2397 testimoniis,
1088 2364 1216 2390 verum
1243 2351 1425 2402 indagare
1452 2351 1706 2390 studeamus:

249 2429 326 2467 qua
353 2415 390 2452 in
414 2428 453 2452 re
479 2415 527 2452 de
553 2419 718 2463 utraque
739 2413 1000 2457 accusatione,
1030 2420 1068 2451 et
1096 2413 1145 2450 de
1179 2414 1391 2463 MysteriiS,
1410 2412 1514 2450 etde
1535 2413 1706 2459 Hermis,

249 2479 322 2517 erit
341 2476 564 2515 videndum.
622 2476 682 2512 De
717 2475 774 2513 his
809 2475 927 2525 igitur
960 2475 1362 2513 Pseudo-Plutarchus
1393 2475 1478 2512 haec
1508 2474 1705 2524 prodidit:

251 2540 360 2579 Μετά
380 2539 418 2577 δὲ
438 2543 543 2577 τοῦτο
563 2539 740 2579 αἰτιαθεὶς
760 2535 929 2585 ἀσεβεῖν,
949 2541 998 2580 ὡς
1018 2539 1074 2574 καὶ
1102 2537 1212 2580 αὐτὸς
1231 2535 1314 2578 τοὺς
1333 2536 1478 2587 Ἑρμᾶς
1496 2537 1706 2586 περικόψας,

253 2605 311 2641 καὶ
331 2605 384 2645 εἷς
403 2604 449 2640 τιὶ
469 2609 534 2646 τῆς
553 2598 746 2650 Δήμητρος
766 2600 941 2650 ἁμαρτὼν
957 2601 1153 2651 μυστήρια,
1175 2597 1236 2636 Em*
1255 2597 1295 2636 τὸ
1310 2598 1484 2647 πρότερον
1498 2599 1708 2637 ἀκόλαστον

252 2665 358 2711 ὄντα,
379 2667 519 2714 νύκτωρ
539 2661 759 2712 κωμάσαντα
779 2662 942 2711 θραῦσαί
966 2679 998 2698 τι
1028 2667 1101 2698 τῶν
1121 2659 1357 2710 ἀγαλμάτων
1375 2664 1438 2697 τοῦ
1467 2662 1563 2706 θεοῦ,
1586 2659 1708 2706 ἐπειδὴ

254 2730 318 2765 οὒκ
337 2725 539 2774 ἠβουλήθη,
560 2724 603 2760 ὃν
627 2723 776 2767 ἐζήτουν
797 2723 830 2759 οἱ
850 2728 1046 2771 κατήγοροι
1072 2722 1205 2760 δοῦλον
1234 2717 1424 2766 ἐκδοῦναι,’
1439 2719 1710 2769 διαβληθῆναι,

255 2791 312 2826 καὶ
331 2790 420 2839 πρὸς
440 2791 506 2833 τὴν
526 2788 652 2824 αἰτίαν
672 2794 737 2830 τῆς
769 2784 938 2834 δευτέρας
966 2788 1113 2836 γραφῆς
1145 2786 1308 2821 ὕποπτον
1335 2783 1529 2831 γενέσθαι·
1562 2789 1607 2831 ἣν
1631 2785 1710 2835 μετ’

254 2856 296 2890 οὺ
312 2852 432 2889 πολὺν
452 2852 589 2904 χρόνον
609 2853 672 2886 τοῦ
702 2848 760 2884 ἐπὶ
778 2846 949 2884 Σικελίαν
974 2849 1108 2884 στόλου
1129 2843 1270 2893 συνέβη
1290 2846 1477 2894 γενέσθαι,
1497 2844 1710 2896 Κορινθίων

254 2913 538 2964 εἰσπεμψάντων
558 2911 785 2951 Λεοντίνους
815 2925 851 2946 τε
878 2910 935 2945 καὶ
957 2908 1208 2956 Αἰγεσταίους
1229 2906 1379 2952 ἄνδρας,
1400 2907 1476 2958 ἰδίᾳ
1497 2909 1710 2958 μελλόντων

254 2974 406 3021 βοηθεῖν
428 2977 553 3015 αὐτοῖς
582 2979 652 3010 τῶν
671 2970 902 3017 ’Λὲηι’(ιίων,
926 2970 1059 3020 νύκτωρ
1087 2969 1171 3012 τοὺς
1201 2971 1278 3018 περὶ
1305 2971 1370 3014 τὴν
1399 2970 1546 3018 α’γοράν
1563 2969 1709 3018 Ἑρμᾶς
