1818 3189
294 213 374 254 186
766 211 800 253 Ι.
835 210 962 252 ΟΤΤ.
995 210 1270 253 SLUITERI

292 319 458 361 Εὔπολις
482 319 521 356 ἐν
538 319 745 369 Ἀυτολύκῳ
763 316 829 365 fist,
862 322 908 361 ὡς
931 322 989 356 καὶ
1018 319 1078 356 διὰ
1102 319 1299 369 Μυῤῥίνιιν
1326 319 1479 369 ἑταίραν
1505 323 1550 358 nt
1572 322 1746 372 χρήματα

291 378 546 429 ἀποβέβληκε,
567 382 693 430 φησίν.
714 401 763 407 -·
784 378 997 431 Λεωγόρας
1023 379 1058 417 δὲ
1080 380 1198 431 ὄνομα
1218 382 1341 430 κύριον
1358 380 1441 423 ἑνὸς
1469 388 1542 419 τῶν
1559 380 1747 437 Ἀθήνῃσι

296 444 620 491 πολιτευσαμένων
640 442 732 478 τότε·
750 446 868 492 πατὴρ
888 441 924 479 δὲ
945 441 1049 484 οὗτος
1068 441 1114 487 ἦν
1132 445 1173 479 Ἀ
1183 442 1346 480 νὶοκίὲου
1365 448 1427 480 τοῦ
1445 444 1610 494 ῥήτορος.
1649 443 1747 481 Ver·

295 517 358 540 sus
381 503 551 541 Platonis
580 503 632 540 ita
660 503 865 553 descripsi,
898 504 1028 553 prouti
1055 504 1149 541 mihi
1182 504 1332 554 legendi
1362 517 1444 541 esse
1465 504 1658 551 videntur,
1676 504 1750 542 nisi

293 565 391 603 forte
413 578 483 616 pro
505 570 571 603 νῦν
592 579 627 602 v.
647 570 684 603 1.
716 565 851 602 melius
881 565 1028 614 legatur
1053 570 1157 612 τέως,
1186 566 1291 616 quod
1321 573 1378 603 est
1407 566 1509 617 apud
1533 566 1692 604 Suidam
1711 579 1748 605 v.

292 628 488 671 Φασιανοὶ,
517 627 583 676 qui
606 627 838 665 Scholiastae
859 628 975 665 verba
1004 627 1083 665 fere
1115 628 1262 679 integra
1289 628 1508 678 descripsit.
1565 628 1690 666 Versu
1707 633 1748 668 2.

293 689 462 726 Casaub.
483 688 531 726 ad
553 689 784 727 Athenaeum
805 702 843 739 p.
863 693 955 727 665.
977 690 1109 728 scribit
1127 691 1146 728 ὁ
1166 691 1286 739 ψῆττα
1306 697 1345 728 et
1364 703 1399 728 v.
1419 694 1456 728 3.
1483 691 1517 728 οἳ
1534 691 1621 736 ζῆτ’,
1642 691 1749 741 ἀτερ-

292 751 361 793 πὲς
378 750 484 788 οὐδὲν
503 750 774 802 ἐνθυμούμενοι·
798 751 903 799 quod
925 764 997 789 nec
1025 752 1195 790 Kustero
1222 751 1271 789 ad
1293 752 1450 789 Suidam
1470 752 1494 790 l.
1515 765 1551 790 c.
1571 764 1748 790 necessa·

291 813 388 851 rium
407 813 529 852 visum
549 820 621 859 est,
644 826 716 852 nec
735 813 828 850 mihi
843 813 1016 851 videtur:
1038 815 1158 863 ψῆττα
1178 814 1292 852 etiam
1313 814 1480 852 convicii
1499 814 1587 852 loco
1603 814 1748 852 dicitur

291 876 396 926 apud
427 876 630 926 Aristoph.
660 875 822 925 Lysistr.
843 888 876 913 v,
900 879 992 913 131.
1022 878 1128 913 ταυτὶ
1156 878 1200 914 σὺ
1220 878 1356 924 λέγεις,
1377 872 1405 913 ὦ
1425 876 1560 925 ψῆττα.
1615 875 1747 914 Vitam

294 939 480 988 Leogorae
500 937 706 976 delicatam
725 936 871 974 notavit
887 949 1044 987 quoque
1061 938 1099 975 in
1121 938 1261 989 Vespis
1282 937 1561 989 Aristophanes
1581 951 1615 976 v.
1629 941 1749 978 1260.

453 1033 589 1080 Οὗτος,
609 1033 722 1072 ὅντιν’
740 1034 813 1081 ἐγὼ
833 1034 911 1071 πότ’
931 1031 1027 1071 εἶέον
1047 1035 1131 1073 ἀντὶ
1147 1035 1268 1084 μήλου
1287 1035 1345 1070 καὶ
1362 1034 1466 1084 ῥοιᾶς

451 1098 679 1134 Δειπνοῦντα
695 1098 790 1147 μετά
808 1093 1023 1147 Λεωγόρου.

292 1193 457 1230 Uxorem
481 1192 615 1230 habuit
637 1190 812 1229 Pisandri
831 1188 971 1228 filiam:
1002 1190 1078 1229 vid.
1099 1191 1253 1229 Andoc.
1273 1190 1324 1229 de
1344 1191 1465 1241 Myst.
1485 1203 1522 1241 p.
1540 1195 1604 1229 15.
1625 1203 1660 1227 v.
1681 1193 1746 1228 34.

290 1254 339 1291 de
360 1254 460 1291 Pace
480 1268 519 1304 p.
535 1257 601 1293 27.
623 1267 658 1291 v.
679 1258 746 1291 10.
791 1251 962 1296 Quando
979 1252 1192 1290 decesserit
1207 1253 1394 1291 incertum
1417 1258 1494 1290 est:
1522 1252 1560 1289 id
1581 1257 1748 1298 constat,

290 1329 379 1353 enm
393 1316 476 1365 jam
497 1315 614 1353 fuisse
636 1320 848 1360 mortuum,
875 1327 961 1352 cum
984 1313 1210 1352 Andocides
1231 1315 1457 1352 Orationem
1479 1313 1528 1351 de
1549 1313 1748 1364 Mysteriis

290 1378 458 1415 diceret:
490 1377 566 1415 vid.
589 1377 626 1414 d.
648 1378 719 1415 Or.
741 1389 778 1426 p.
802 1380 867 1414 19.
887 1390 924 1414 v.
947 1380 1009 1416 18.
1070 1375 1131 1413 De
1149 1375 1394 1414 accusatione
1413 1375 1510 1425 ejus,
1531 1373 1638 1424 quod
1657 1374 1749 1426 My-

290 1439 404 1476 steria
425 1438 622 1476 Eleusinia
642 1438 896 1488 profanasset,
921 1442 1056 1488 postea
1076 1437 1239 1474 dicetur.

342 1500 482 1550 Neque
518 1506 644 1537 tamen
669 1499 775 1550 prius
795 1499 990 1536 dimittere
1011 1511 1166 1548 possum
1192 1499 1419 1548 Leogoram,
1449 1510 1566 1548 quam
1593 1497 1747 1535 Tzetzae

288 1562 418 1600 locum
438 1561 700 1612 apposuerim,
730 1562 798 1610 qui
819 1561 968 1598 Histor.
991 1559 1093 1598 Chil.
1118 1559 1184 1598 VI.
1205 1572 1240 1596 v.
1263 1563 1353 1599 367.
1374 1559 1460 1597 haec
1479 1558 1622 1597 habet:

502 1656 550 1696 'O
569 1656 781 1695 Ἀνδοκίδου
798 1657 952 1709 ῥήτορος
971 1658 1090 1706 πατὴρ
1110 1655 1155 1701 ἦν
1175 1655 1393 1705 Λεωγόρας,

498 1719 583 1756 ‘Yrr’
601 1718 817 1756 Ἀνδοκίδου
836 1717 1044 1769 προδοθεὶς,
1076 1723 1229 1763 νικήσας
1249 1733 1287 1755 τε
1306 1722 1350 1772 τῇ
1372 1716 1464 1772 δίκῃ,

502 1780 601 1823 Τοὺς
620 1780 794 1823 δικαστὰς
815 1781 970 1818 ἱκέτευσε
992 1785 1152 1828 γυναῖκα
1173 1785 1280 1830 σχεῖν
1299 1779 1336 1822 ἐς
1357 1779 1494 1830 γάμον,

491 1842 624 1885 ”Οπως
645 1842 686 1889 δὴ
707 1841 845 1885 παῖδας
865 1842 903 1889 ἐξ
920 1844 1035 1887 αὐτῆς
1055 1844 1220 1896 γεννήσῃ
1239 1849 1312 1880 τῶν
1334 1841 1513 1890 γνησίων·

496 1903 544 1942 ‘O
563 1902 781 1949 Ἀνδοκίδης
802 1904 877 1954 ’γὶίρ
896 1902 1005 1945 θετὸς
1022 1901 1068 1948 ἦν
1086 1908 1176 1946 παῖς
1196 1907 1243 1954 τῷ
1265 1902 1465 1954 Λεωγόρςι,

499 1965 703 2017 Χρήμασιν
722 1963 946 2012 υἱοποιηθεὶς
967 1967 1063 2016 αυτῷ
1085 1964 1125 2002 δι’
1146 1964 1343 2002 ἀπαιδίαν.

286 2060 334 2100 V.
351 2063 442 2101 371.
462 2073 535 2111 pro
550 2060 686 2097 vitiosa
703 2059 869 2098 lectione
890 2058 978 2102 θεὸς
993 2071 1120 2096 veram
1140 2057 1310 2095 restitui:
1330 2062 1423 2100 παῖς
1439 2056 1545 2100 θετὸς
1560 2062 1620 2095 est
1625 2056 1747 2108 filius

286 2121 492 2174 adoptivus
520 2121 861 2174 [Emendationem
893 2121 931 2159 in
957 2120 1046 2158 loco
1064 2120 1221 2158 Tzetzae
1242 2118 1320 2157 vidi
1345 2125 1481 2169 postea
1504 2123 1745 2169 praeceptam

284 2196 368 2222 esse
388 2197 410 2221 a
428 2185 573 2222 Meurs.
589 2185 672 2222 Att.
690 2184 798 2221 Lect.
820 2183 846 2221 l.
869 2184 915 2222 V.
938 2197 973 2221 c.
993 2186 1058 2221 23.
1092 2182 1142 2220 In
1159 2180 1374 2230 Addend.].
1403 2180 1693 2231 Harpocration
1708 2193 1745 2219 v.

284 2245 422 2293 Θέτης,
444 2244 569 2289 Osi-0139
589 2248 660 2296 γὰρ
680 2247 815 2295 ἔλεγον
834 2244 919 2288 τοὺς
941 2247 1192 2287 εἷσποιητούς;
1222 2243 1400 2293 exempla
1420 2249 1509 2280 sunt
1527 2242 1632 2293 apud
1652 2242 1745 2280 Plu-

285 2308 408 2346 tarch.
424 2308 461 2345 in
479 2307 621 2345 Solone
638 2311 753 2358 p.81.
771 2307 832 2355 E„
849 2308 941 2357 Arg.
958 2307 1030 2344 Or.
1047 2305 1135 2343 Isaei
1154 2305 1203 2342 de
1220 2303 1435 2342 Aristarchi
1450 2303 1594 2342 Hered.
1609 2317 1649 2355 p.
1663 2306 1745 2350 79„

285 2368 333 2406 de
353 2369 517 2419 Hagniae
539 2369 683 2408 Hered.
701 2383 740 2420 p.
755 2373 834 2416 82„
851 2375 890 2406 et
910 2367 1044 2406 θέσθαι
1063 2368 1141 2406 υἱὸν
1168 2366 1273 2417 apud
1296 2365 1412 2416 Diog.
1432 2365 1560 2403 Laert.
1584 2365 1623 2403 in
1642 2366 1747 2405 Tha-

285 2431 362 2468 lete
382 2431 406 2468 l.
428 2431 461 2468 Ι.
493 2445 522 2468 s.
543 2435 607 2469 26.
668 2431 745 2469 Sed
766 2431 991 2481 adoptatum
1012 2429 1127 2467 fuisse
1148 2442 1170 2467 a
1192 2428 1369 2478 Leogora
1387 2427 1629 2466 Andocidem
1645 2440 1746 2478 prae-

284 2500 342 2530 ter
361 2493 529 2531 Tzetzen
561 2506 674 2530 nemo
696 2499 867 2531 veterum
887 2498 946 2530 est
966 2493 1033 2540 qui
1063 2489 1294 2541 prodiderit,
1323 2489 1436 2539 cujus
1456 2502 1547 2526 vero
1568 2489 1743 2527 testimo-

283 2555 387 2593 nium
417 2554 512 2592 tanti
542 2567 620 2592 non
647 2561 720 2601 est,
750 2562 791 2592 ut
821 2555 858 2592 in
886 2554 1120 2604 reliquorum
1150 2552 1320 2590 omnium
1351 2550 1506 2589 silentio
1525 2549 1639 2589 fidem
1670 2552 1744 2603 ipsi

285 2617 569 2728 halgggulffgsimr
596 2682 705 2726 patre
733 2683 843 2714 natus
869 2683 927 2714 est
950 2675 1177 2715 Andocides
1199 2674 1360 2724 Olymp.
1381 2671 1610 2712 LXXVIII.
1632 2675 1682 2712 A.
1703 2679 1742 2713 1.

285 2740 487 2778 Archonte
507 2737 772 2789 Theogenide,
793 2751 930 2776 novem
952 2737 1033 2775 fere
1053 2736 1162 2774 annis
1179 2742 1267 2773 ante
1286 2741 1416 2773 natum
1438 2734 1607 2786 Lysiam.
1650 2735 1741 2774 vid.

281 2801 690 2840 Pseudo-Plutarchus
721 2800 757 2837 in
794 2799 1025 2843 Andocide;
1056 2797 1122 2835 ubi
1149 2810 1221 2848 pro
1253 2799 1344 2834 ὥστε
1369 2796 1464 2835 εἶναι
1493 2796 1743 2849 πρεσβύτερον

280 2863 555 2902 αὖτόν·Λυσίου
574 2862 669 2901 ἐ’τεσι
689 2877 759 2899 που
779 2860 921 2907 ἑκατὸν,
942 2873 1018 2898 non
1040 2861 1142 2906 ὀκτὼ,
1166 2865 1206 2896 ut
1227 2858 1308 2896 vult
1328 2859 1477 2909 Taylor
1496 2859 1534 2896 in
1555 2859 1645 2897 Vita
1663 2860 1740 2910 Ly-

279 2926 357 2971 siae,
375 2925 440 2963 sed
458 2925 567 2963 ἕννεα
582 2931 641 2962 est
661 2923 923 2961 scribendum.
963 2923 1131 2966 Mature,
1151 2927 1193 2959 ut
1208 2921 1394 2958 credibile
1410 2926 1481 2967 est,
1503 2921 1555 2959 rei
1574 2921 1742 2972 publicae

277 2994 314 3025 et
335 2987 487 3025 militari
508 2987 616 3025 dedit
635 2999 805 3037 operam,
825 2986 969 3036 quippe
991 2984 1149 3035 Olymp.
1173 2983 1399 3022 LXXXVI.
1422 2984 1470 3021 A.
1486 2985 1523 3020 2.
1545 2982 1656 3022 classi
1676 2987 1743 3022 20.
