1925 3272
456 205 808 248 ORATORUM
844 201 1232 248 GRAECORUM.
1438 203 1574 245 xxxiii

115 331 206 358 vero
244 320 345 359 inter
381 322 600 361 Socraticas
637 322 840 373 epistolam
881 322 939 360 Cl.
962 321 1268 361 Valckenaerius
1300 320 1522 369 suspicatur
1555 330 1576 354 a

116 381 340 433 Speusippo
359 385 557 434 scriptam,
575 384 796 434 lectamque
813 385 862 422 ab
884 385 1070 427 Isocrate,
1093 383 1159 433 qui
1177 381 1282 419 illum
1301 382 1428 431 ipsum
1448 381 1575 417 locum

114 444 242 493 attigit
261 445 372 482 Orat.
394 445 635 496 augPhilipp.
658 459 697 496 p.
711 449 775 485 17.
791 445 842 483 D.
862 445 925 483 ed.
943 445 1078 494 Steph.

168 505 320 544 XLIII.
350 508 691 554 ANAXIMENES,
723 508 928 545 Aristoclis
960 506 1003 544 F.
1025 506 1331 556 LampsacenuS‚
1359 502 1576 552 discipulus
1597 502 1672 539 162

113 564 217 604 Zoili
235 573 275 605 et
295 567 482 617 Diogenis
502 568 655 618 Cynici,
684 569 811 607 notior
837 575 878 606 ut
898 568 1115 612 historiam,
1137 574 1176 604 et
1203 566 1361 604 dicendi
1381 565 1575 615 magister,

113 640 228 677 quam
251 635 292 667 ut
309 636 454 668 orator.
512 630 613 668 Vide
634 630 850 668 Meursium
879 630 925 668 ad
963 629 1142 669 Chalcid.
1164 642 1202 678 p.
1222 632 1312 666 419.
1334 635 1373 665 et
1393 626 1575 664 vossium

111 689 162 727 de
181 691 283 728 Hist.
305 692 377 730 Gr.
398 693 429 730 I.
450 697 513 731 10.
556 693 697 742 Attigit
719 700 844 731 tamen
866 705 987 743 genus
1009 691 1305 729 deliberativum
1321 688 1573 739 etjudiciale.

111 752 278 804 Dionys.
295 754 421 793 Halic.
453 755 490 793 in
518 755 617 793 Isaeo
638 756 742 803 §.162
764 754 927 806 ejusque
960 753 1118 803 ingenio
1150 752 1317 789 formata
1346 758 1404 789 est
1438 750 1574 795 oratio,

111 827 226 864 quam
250 816 411 855 Euthias
440 817 624 856 adversus
644 817 836 867 Phrynem
857 816 1006 860 habuit,
1027 821 1071 852 ut
1090 827 1137 851 ex
1160 813 1340 851 Diodoro
1373 812 1574 859 Periegete

109 883 241 915 narrat
255 878 469 917 Athenaeus
482 879 598 916 XIII.
620 892 657 929 p.
676 882 767 918 591.
789 879 835 917 Ε.
863 891 910 916 ex
934 876 1151 926 Hermippo
1182 876 1414 924 Harpocrat.
1442 887 1475 911 v.
1498 874 1573 910 Εὖ-

108 938 214 987 ·θίας,
235 941 300 978 ubi
321 941 406 979 vide
427 941 693 979 Maussacum.
751 940 952 978 Diodorus
982 939 1021 976 id
1056 939 1136 976 sine
1156 937 1278 976 dubio
1299 936 1514 974 tradiderat
1534 937 1572 972 iu

107 1002 219 1040 libris
235 1005 315 1052 περὶ
332 1004 548 1055 μνημάτων,
564 1017 663 1054 quos
681 1003 815 1041 laudat
834 1001 1067 1041 Plutarchus
1085 1002 1243 1038 Theseo
1260 1012 1298 1050 p.
1319 1003 1384 1039 17.
1400 999 1450 1035 D.
1469 998 1572 1035 The-

110 1064 274 1102 mistocl.
296 1077 335 1115 p.
351 1070 442 1105 123.
465 1067 518 1104 D.
547 1066 698 1104 Cimon.
721 1079 761 1115 p.
777 1068 871 1103 488.
895 1065 942 1103 C.
985 1063 1129 1102 Obiter
1162 1074 1362 1100 monemus
1393 1060 1573 1109 Διόδωρος

108 1125 316 1174 legendum
336 1139 420 1164 esse
449 1126 485 1163 in
521 1125 894 1164 Pseudo-Plutarchi
922 1124 1124 1175 Hyperide
1145 1137 1183 1174 p.
1205 1128 1297 1161 489.
1315 1123 1360 1160 C.
1380 1123 1446 1160 ubi
1470 1135 1575 1159 nunc

108 1187 259 1225 edstur:
287 1188 514 1239 “Ηλιόδωρος
534 1190 573 1227 ἐν
598 1192 648 1240 τῷ
669 1188 776 1240 τρίτῳ
795 1189 874 1239 περὶ
891 1186 1111 1238 μνημάτων.
1172 1184 1273 1221 Vide
1294 1184 1508 1221 Meursitlm
1529 1182 1580 1221 ad

108 1249 288 1288 Chalcid.
310 1263 348 1300 p.
369 1255 461 1289 414.

161 1312 308 1350 XLIV.
339 1312 543 1359 CRATES‚
559 1312 787 1358 Trallianus,
810 1311 991 1350 Isocratis
1007 1309 1235 1359 discipulus.
1261 1308 1428 1357 Diogen.
1452 1305 1579 1343 Laert.

107 1373 177 1411 IV.
197 1376 263 1411 23.
320 1374 421 1412 Huic
455 1374 657 1413 tribuerim
693 1376 836 1424 λόγους
873 1370 1142 1424 ἓημηγορικοῦς
1182 1372 1242 1408 καὶ
1278 1366 1577 1420 πρεσβευτικοῦς,

107 1447 207 1486 quos
229 1435 495 1486 Apollodorus
521 1437 626 1487 apud
656 1436 827 1486 Diogen.
851 1434 947 1473 ibid.
970 1433 1086 1471 refert
1107 1432 1155 1470 ad
1177 1429 1579 1477 Cratetem,³‚Atheni-

105 1508 252 1543 ensem,
265 1497 542 1549 philosophum
559 1498 849 1536 Academicum.
881 1497 1042 1535 Frustra
1058 1495 1265 1545 Menagius
1282 1493 1452 1533 Cratetis
1472 1505 1577 1549 men3

106 1556 252 1595 tionem
272 1558 345 1596 sibi
365 1560 552 1609 reperisse
573 1560 676 1597 visus
696 1567 756 1597 est
776 1559 814 1597 in
833 1558 993 1596 Lucian.
1015 1557 1132 1595 Rhet.
1153 1569 1275 1607 praec.
1293 1568 1380 1606 pag.
1403 1560 1441 1593 9.
1474 1554 1575 1592 Nam

104 1618 159 1656 ibi
179 1632 258 1658 non
285 1620 428 1659 Crates
459 1627 708 1667 memoratur,
742 1620 810 1659 sed
844 1619 999 1664 Critias,
1030 1618 1254 1664 statuarius,
1285 1624 1327 1656 ut
1359 1617 1458 1654 bene
1479 1616 1576 1654 vidit

105 1680 289 1721 Solanus.

149 1742 273 1781 XLV.
290 1745 630 1789 THEOPOMPUS,
647 1742 920 1782 Damasistrati
935 1742 976 1779 F.
988 1741 1124 1787 Chius,
1139 1741 1320 1778 Isocratis
1340 1740 1572 1789 discipulus.

103 1803 165 1842 De
185 1804 261 1843 hoc
282 1805 421 1843 Cicero
437 1804 486 1842 de
509 1804 620 1842 Orat.
638 1804 691 1843 II.
707 1808 773 1842 13.
823 1804 1002 1840 “Postea
1024 1814 1132 1846 νει-ο,
1156 1800 1267 1851 quasi
1288 1815 1335 1838 ex
1358 1801 1574 1839 clarissima

101 1866 267 1905 rhetoris
285 1866 452 1912 officina,
475 1866 555 1904 duo
572 1872 803 1916 praestantes
824 1864 994 1916 ingenio,
1009 1863 1296 1913 Theopompus
1317 1867 1355 1899 et
1376 1861 1570 1911 Ephorus,

101 1929 152 1967 ab
172 1929 346 1967 Isocrate
364 1929 550 1979 magistro
579 1929 747 1979 impulsi,
777 1942 817 1965 se
848 1927 897 1965 ad
920 1925 1118 1964 historiam
1139 1923 1403 1969 contulerunt,
1432 1935 1569 1961 causas

101 1990 258 2028 omniuo
278 2003 475 2041 nunquam
497 1989 748 2040 attigerunt.''
778 1989 844 2028 ubi
865 2001 1013 2034 vereor,
1039 2000 1086 2024 ne
1112 1985 1256 2023 sciolus
1282 1985 1421 2036 aliquis
1445 1984 1569 2023 incul-

100 2052 199 2090 carit
233 2052 364 2097 verba,
390 2053 501 2102 quasi
533 2063 577 2089 ex
607 2051 825 2090 clarissima
852 2049 1024 2087 rhetoris
1054 2046 1223 2100 qfficina,
1257 2060 1305 2084 ex
1338 2047 1445 2084 Brut.
1467 2050 1505 2084 8.
1527 2052 1568 2085 et

102 2114 218 2153 Orat.
242 2118 304 2152 13.
360 2114 508 2152 Causas
537 2113 679 2151 Cicero
711 2111 891 2163 intelligit.
923 2112 1111 2156 forenses,
1130 2115 1174 2147 ut
1192 2113 1399 2147 contextus
1431 2107 1564 2145 docet.

101 2175 203 2213 'Nam
220 2176 432 2227 Dionysius
453 2176 544 2214 Hal.
561 2176 636 2226 Ep.
656 2175 704 2213 ad
726 2174 908 2225 Pompei.
925 2187 966 2224 p.
981 2176 1073 2210 131.
1090 2177 1228 2210 auctor
1253 2176 1325 2216 est,
1339 2169 1564 2219 Theopom-

101 2249 194 2287 pum
216 2237 354 2274 multas
375 2236 666 2274 demonstrativi
700 2242 739 2273 et
770 2234 930 2273 suasorii
952 2233 1103 2283 generis
1132 2231 1326 2268 orationes
1348 2229 1563 2280 scripsisse.

101 2297 225 2335 Immo
255 2297 545 2342 Quinctilianus
576 2297 629 2334 X.
663 2301 702 2335 1.
732 2309 769 2346 p.
801 2299 893 2333 500.
928 2294 1062 2340 tradit,
1094 2306 1194 2336 eum,
1225 2295 1249 2313 “
1271 2298 1482 2341 antequam
1513 2292 1562 2329 ad
1583 2290 1662 2325 163

101 2359 302 2397 historiam
333 2358 562 2396 sollicitatus
590 2364 705 2404 esset,
736 2358 802 2395 diu
833 2362 1024 2395 oratorem
1056 2353 1212 2399 suisse,''
1243 2360 1363 2404 atque
1397 2366 1444 2391 eo
1477 2359 1504 2374 ⁴‘
1525 2353 1563 2391 in

101 2422 260 2460 historia
294 2421 513 2459 similiorem
549 2434 632 2459 esse
661 2419 844 2459 oratori.’'
899 2419 963 2457 Ad
997 2416 1159 2456 suasorii
1188 2417 1338 2467 generis
1369 2415 1565 2453 orationes

71 2484 298 2535 ,pertinent
330 2484 369 2521 αἱ
397 2484 489 2535 πρὸς
519 2483 766 2533 Ἀλέξανδρον
800 2481 1026 2534 συμβουλαὶ,
1072 2479 1242 2517 laudatae
1291 2478 1474 2516 Ciceroni
1512 2478 1562 2515 ad

101 2546 225 2584 Attio.
244 2546 339 2583 XII.
367 2551 434 2584 40.
470 2551 509 2584 et
538 2545 730 2583 Athenaeo
747 2544 816 2582 VI.
844 2557 883 2594 p.
902 2548 994 2582 230.
1018 2543 1059 2580 F.
1078 2542 1303 2585 Ἐπιστολὴν
1332 2540 1423 2591 πρὸς
1454 2541 1562 2577 Ἀλέ-

103 2606 258 2658 ξανδρον
288 2619 352 2644 eas
378 2613 493 2645 vocat
512 2606 725 2645 Athenaeus
747 2605 863 2643 XIII.
894 2618 932 2654 p.
949 2608 1043 2642 595.
1066 2607 1111 2642 A.
1140 2603 1245 2653 quod
1278 2602 1448 2652 aliquam
1478 2601 1560 2651 epi—

101 2668 211 2705 stolae
232 2667 393 2705 sormam
416 2667 619 2707 haberent.
677 2668 749 2705 Illa
769 2667 853 2717 ipsa
877 2666 1044 2716 epistola
1064 2664 1265 2703 referenda
1294 2663 1446 2701 videtur
1465 2663 1564 2700 inter

102 2728 301 2772 ἐπιστολὰς
331 2732 396 2772 τὰς
424 2731 610 2780 ἀρχαῖκὰς
640 2733 896 2780 γραφομένας,
928 2740 1027 2777 quas
1053 2732 1330 2764 commemorat
1352 2724 1563 2774 Dionysius

102 2790 128 2828 l.
146 2803 182 2827 c.
203 2790 269 2827 ubi
286 2791 348 2828 Fr.
375 2791 602 2842 Sylburgius
622 2792 747 2828 minus
775 2790 872 2828 bene
898 2789 1015 2839 legit:
1045 2789 1246 2830 ἐπιστολὰς
1267 2789 1333 2828 τὰς
1359 2787 1560 2835 ἀρχαϊκὰς,

104 2850 163 2888 vel
179 2852 379 2902 Ἀχαϊκὰς,
399 2853 714 2904 ἐπιγραφομένας.
744 2850 940 2889 verissime
961 2849 1288 2887 Valckenaerius:
1319 2847 1378 2884 ἐπ.
1408 2849 1476 2889 τὰς
1495 2849 1562 2896 α’ρ-

101 2916 244 2963 χαῖκῶς
265 2917 525 2963 γραφομένας.
567 2915 618 2951 At
633 2926 725 2951 cave
745 2912 809 2950 τὸν
827 2913 908 2963 περὶ
927 2910 1134 2958 εὐσεβείας,
1148 2921 1264 2959 quem
1285 2908 1415 2946 laudat
1437 2908 1564 2945 Scho-

101 2974 200 3011 liast.
228 2974 479 3025 Aristophan.
508 2973 558 3013 ad
580 2976 652 3013 Av.
676 2977 793 3013 1354.
822 2974 880 3011 vel
908 2973 1122 3011 orationem
1156 2969 1400 3020 Theopompi
1434 2976 1562 3021 putes,

839 3051 874 3099 s
