1878 3272
461 245 812 289 ORATORUM
846 244 1229 289 GRAECORUM.
1485 243 1575 285 xlix

167 360 313 398 LXVI.
343 362 613 401 LYCURGUS.
633 363 654 383 ’Κ
672 361 692 383 '¹‘
713 362 733 395 ἴ
752 363 772 384 ‘⁸
792 362 812 383 ⁴¹⁵
837 362 1004 414 Lycurgi
1026 361 1226 400 historiam
1246 360 1444 411 eleganter
1463 373 1576 398 enar-

114 422 210 460 ravit
227 423 259 460 Ι.
277 423 481 475 Taylorus,
499 437 614 474 quem
631 437 768 475 nuper,
786 424 950 461 maximo
971 430 1166 461 oratorum
1186 423 1400 461 Atticorum
1418 422 1574 469 damno,

114 483 195 522 fata
220 486 360 523 acerba
386 492 612 537 rapuerunt,
633 486 669 523 in
696 485 929 537 praefatione
956 486 1003 523 ad
1024 485 1172 523 editam
1193 498 1213 522 a
1235 498 1274 522 se
1296 485 1462 534 Lycurgi
1483 484 1573 522 adv.

112 545 251 583 Leocr.
269 547 496 584 orationem.
527 547 731 584 Addamus
752 547 953 597 insignem,
978 546 1045 597 qui
1066 546 1150 596 ejus
1171 545 1409 594 diligentiam
1426 544 1574 594 effugit,

114 607 324 657 Hyperidis
345 609 394 646 de
415 610 595 660 Lycurgo
624 610 751 647 locum
779 609 883 660 apud
907 609 1092 659 Apsinem
1120 610 1206 645 Art.
1229 608 1393 645 Rhetor.
1421 619 1459 656 p.
1481 611 1573 646 708.
1596 603 1671 637 183

111 670 300 721 Κέχρηται
328 674 439 722 τούτῳ
468 673 528 709 καὶ
551 671 786 722 “Υπερείὲης,
813 671 904 722 ὑπὲρ
933 670 1157 718 Λυκούργου
1179 672 1321 717 λέγων.
1377 667 1479 707 Τίνα
1505 670 1573 720 φὴ-

113 747 243 769 σουσιν
261 734 296 770 οἱ
313 735 516 782 περιϊόντες
537 734 642 784 [lego
658 735 870 785 παριόντες.
892 731 1074 780 REISK.]
1095 734 1208 769 αὑτοῦ
1224 731 1288 768 τὸν
1308 731 1444 781 τάφον;
1467 729 1574 774 οὗτος

111 791 201 840 ἐβίω
226 793 294 844 μὲν
319 797 530 847 σωφρόνως,
551 795 711 847 ταχθεὶς
739 795 767 833 δ’
794 796 854 832 ἐπὶ
884 798 933 850 τῇ
958 794 1129 839 διοικήσει
1157 799 1230 830 τῶν
1256 792 1475 844 χρημάτων,
1495 791 1574 841 εὗρε

109 871 257 906 ’ΤΓΟΡΟῙΙς-
272 856 518 908 ωΚΟδόμησῦ
500 859 538 894 Οὲ
555 874 593 895 ΤΟ
612 856 784 906 θέαΤρΟν,
802 873 842 895 ΤΟ
861 856 1000 894 ωδΕίΟν.
1020 871 1164 906 νεωρῑα,
1181 869 1338 904 Τρῑηρξίς
1358 870 1573 899 ΕπΟίησαΤΟ,

109 919 278 967 λιμένας.
305 923 434 957 τοῦτον
464 921 486 965 ἡ
512 921 624 962 πόλις
654 920 759 970 ἡμῶν
793 922 977 970 ἠτίμασεν
1007 917 1113 968 [lego
1143 916 1344 967 ἠτίμωσεν.
1373 915 1536 954 REISK.
1543 915 1573 965 ]‚

109 981 169 1016 καὶ
189 997 274 1024 τους
295 982 433 1025 παῖδας
453 981 583 1028 ἔδησεν
605 984 733 1020 αὑτοῦ.

163 1041 330 1082 LXVII.
363 1044 658 1081 HYPER1DES.
683 1041 830 1080 Fractis
848 1040 1146 1080 Atheniensium
1168 1040 1310 1090 opibus
1326 1038 1437 1077 clade
1459 1038 1574 1076 Chae-

109 1105 279 1151 ronensi,
304 1112 464 1155 rogante
487 1105 704 1156 Hyperide,
738 1104 961 1155 psephisma
988 1102 1135 1140 factum
1163 1109 1233 1148 est,
1260 1100 1372 1150 cujus
1399 1099 1574 1151 legitima

108 1166 227 1204 verba
250 1179 272 1204 a
299 1167 480 1218 Lycurgo
507 1181 542 1206 o.
568 1168 794 1205 Leocratem
821 1169 853 1213 ᾗ.
878 1165 939 1202 ια’.
968 1170 1207 1209 conservata,
1237 1163 1314 1201 hue
1341 1162 1571 1201 referimus

106 1244 190 1272 τους
205 1229 274 1281 μὲν
294 1230 449 1274 δούλους
468 1229 700 1282 ἐλευθέρους,
714 1246 799 1273 τους
820 1244 856 1266 σε
874 1231 999 1275 ξένους
1012 1226 1256 1274 Ἀθηναίους,
1272 1227 1358 1270 τοὺς
1375 1226 1402 1264 δ
1416 1228 1574 1277 ἀτίμους

106 1291 278 1343 ἐντίμους
293 1291 404 1330 εἶναι.
461 1292 578 1330 Adde
599 1292 736 1343 Apsin.
758 1292 844 1329 Art.
863 1291 1026 1328 Rhetor.
1043 1303 1081 1340 p.
1096 1293 1188 1329 687.
1247 1289 1335 1326 Hoc
1357 1288 1574 1334 decretum,

105 1352 226 1390 veluti
241 1359 379 1392 contra
392 1354 495 1405 leges
514 1354 716 1404 scriptum,
731 1353 982 1390 vehementer
997 1351 1205 1401 exagitavit
1221 1350 1404 1388 molestus
1420 1349 1572 1386 illorum

106 1420 324 1464 temporum
354 1421 573 1462 accusator,
606 1415 865 1465 Aristogiton.
902 1413 1161 1451 Demosthen.
1193 1412 1281 1451 adv.
1313 1412 1485 1460 Aristog.
1517 1411 1571 1449 II.

105 1480 137 1524 ξ.
165 1476 206 1515 δ’.
233 1477 293 1516 ὅτε
320 1481 392 1528 γὰρ
414 1478 614 1530 ’Ὑπερίδης
641 1477 785 1529 ἔγραψε
802 1500 857 1505 -—-
875 1477 962 1519 τοὺς
990 1477 1145 1526 ἀτίμους
1173 1475 1366 1525 ἐπιτίμους
1384 1472 1495 1518 εἶναι,
1519 1496 1572 1501 -

103 1542 235 1577 τούτου
252 1545 314 1578 τοῦ
333 1540 574 1592 ψηφίσματος
595 1542 744 1592 ’γραφὴν
764 1540 994 1590 παρανόμων
1013 1539 1227 1585 ἀπενέγκας
1243 1535 1444 1584 ἠγωνίζετο
1464 1535 1504 1572 ἐν
1523 1539 1571 1588 τῷ

106 1599 336 1654 δικαστηρίῳ.
363 1616 399 1640 v.
422 1602 796 1640 Pseudo-Plutarch.
827 1600 876 1637 de
904 1600 952 1636 V.
981 1600 1032 1636 X.
1061 1599 1112 1636 O.
1140 1611 1178 1648 p.
1201 1601 1293 1636 849.
1321 1599 1368 1634 A.
1395 1604 1432 1634 et
1454 1596 1568 1633 Phot.

106 1663 196 1699 cod.
219 1667 310 1700 266.
330 1677 366 1713 p.
389 1668 507 1702 1449.
539 1663 760 1715 Hyperides
782 1661 876 1699 illud
899 1660 1074 1698 defendit
1092 1659 1268 1697 oratione
1286 1659 1472 1696 adversus
1488 1659 1572 1695 Ari-

105 1725 354 1774 stogitonem,
375 1738 489 1775 quam
512 1738 617 1775 saepe
638 1724 795 1761 laudaut
816 1721 1059 1772 grammatici
1080 1727 1241 1766 veteres,
1262 1720 1297 1757 in
1316 1720 1372 1756 his
1390 1719 1569 1757 Scholia-

105 1793 163 1824 sta
180 1793 300 1824 mstus
324 1787 362 1823 in
382 1787 550 1824 Platonis
568 1786 772 1824 Philebum
791 1798 828 1835 p.
845 1789 911 1824 74.
937 1785 980 1820 B.
997 1785 1046 1833 μὴ
1067 1788 1180 1820 κινεῖν
1199 1782 1309 1819 κακὸν
1328 1780 1368 1818 εὖ
1388 1782 1567 1832 κείμενον.

104 1850 186 1898 περὶ
205 1856 278 1886 τῶν
297 1848 442 1891 ἑαυτοῖς
462 1849 499 1895 ἐξ
516 1849 650 1891 ἀνοίας
671 1847 877 1898 πράγματα
899 1845 1132 1895 ἐγειρόντων.
1146 1846 1284 1889 ταύτης
1304 1844 1489 1894 μέμνηται
1510 1844 1569 1880 καὶ

101 1910 315 1961 ’Υπερείὸης
341 1912 360 1949 ὁ
378 1912 494 1963 ῥήτωρ
515 1911 554 1948 ἐν
582 1913 630 1961 τῷ
650 1909 742 1961 πρὸς
761 1906 1080 1958 Ἀριστογείτονα’
1102 1906 1161 1942 καὶ
1187 1904 1270 1942 οὐδὲ
1291 1904 1330 1941 ἐκ
1353 1913 1418 1949 τῆς
1441 1919 1571 1954 παροι-

101 1973 196 2021 μίας
217 1973 371 2011 δύναται
389 1971 602 2024 μανθάνειν
622 1971 662 2009 τὸ
680 1974 733 2021 μὴ
755 1974 868 2007 κινεῖν
887 1968 998 2006 κακὸν
1018 1965 1057 2005 εὖ
1077 1966 1260 2017 κείμενον.
1318 1965 1376 2002 Ex
1396 1965 1468 2002 hac
1484 1977 1568 2002 ora-

104 2034 209 2072 tione
231 2040 428 2084 sumptum
449 2040 507 2072 est
527 2033 802 2083 fragmentum,
817 2030 923 2081 quod
946 2029 1112 2067 Rutilius
1135 2028 1266 2065 habet.
1324 2025 1565 2075 Aristogiton

102 2110 149 2133 ex
165 2096 365 2146 Hyperide
379 2095 540 2146 quaerit:
573 2094 782 2143 Scripsisti
798 2099 873 2130 etc.
890 2091 954 2130 cui
972 2089 1194 2141 Hyperides
1208 2087 1337 2128 statim
1355 2087 1567 2138 respondet

101 2170 148 2195 ex
169 2156 395 2206 conjectura
416 2163 568 2196 nostra:
602 2155 754 2206 Scripsi
774 2161 849 2192 etc.

533 2250 551 2269 ³
570 2250 585 2268 '⁸
603 2249 620 2268 ³
638 2249 656 2268 ³
672 2249 691 2268 ⁴*
716 2248 763 2278 Ad
778 2247 889 2278 Rutilii
906 2259 937 2287 p.
957 2250 1005 2277 10.
1028 2247 1134 2276 IDEM.

820 3109 843 3145 Ιι
