1818 3189
207 157 284 198 xlii
558 157 921 200 RUHNKENII
954 155 1116 199 HIST.
1151 156 1307 198 CRIT.

210 271 371 321 Pytheae
390 272 584 311 orationes
603 272 739 310 laudat
759 272 953 322 Harpocr.
975 273 1042 317 τὴν
1061 269 1152 319 πρὸς
1171 272 1237 315 τὴν
1260 268 1410 315 ἔνδειξιν
1433 270 1668 317 ἀπολογίαν,

209 344 247 369 v.
266 332 494 386 Ἀγραφίου,
515 340 554 371 et
579 337 648 380 τὴν
668 335 744 371 κατ’
763 332 1023 384 Ἀδειμάντου,
1046 345 1081 370 v.
1102 330 1328 383 Ὀξυὲύμια,
1350 329 1417 368 ubi
1438 330 1534 368 male
1552 329 1673 367 Ἀδεὶ·

210 409 352 445 μαντος
371 395 562 445 vulgatur.

271 455 381 494 LIX.
412 456 716 494 STRATocLEs
745 462 876 495 orator
905 457 943 494 in
975 455 1184 507 plebiscito
1209 453 1321 505 apud
1345 451 1675 491 Pseudo-Plutar-

212 515 326 553 chum
348 516 396 554 de
417 517 502 555 vitis
523 518 575 555 X.
592 518 706 557 Orat.
729 532 767 569 p.
786 522 879 557 852.
899 531 921 555 a
943 531 1021 568 quo
1044 518 1221 569 Lycurgo
1240 517 1378 554 summi
1400 520 1489 565 post
1512 520 1674 551 mortem

213 577 381 614 honores
400 578 547 616 decreti
567 585 670 625 sunt,
693 578 930 630 Euthydemi
958 578 1077 624 filius,
1102 577 1351 623 Diomiensis,
1380 576 1534 615 dicitur.
1594 576 1675 613 De-

212 645 360 676 cretum
383 639 529 678 sactum
551 647 621 687 est,
641 648 802 692 rogante
823 639 1033 686 stratocle,
1051 640 1117 691 qui
1140 641 1358 692 Lycurgum
1381 638 1518 676 eximie
1539 638 1676 684 coluit,

213 699 330 749 eique
351 701 520 750 publicae
542 703 720 752 pecuniae
742 708 979 753 quaesturam
999 702 1288 740 decernendam
1310 701 1472 747 curavit,
1493 707 1589 738 teste
1609 713 1676 738 eo-

213 759 303 797 dem
334 761 724 800 Pseudo-Plutarcho
753 763 778 800 l.
800 776 835 801 c.
857 776 897 813 p.
919 766 1010 800 841.
1038 766 1078 800 2.
1133 762 1239 808 Quid
1271 762 1465 800 hominem
1498 762 1678 812 Lycurgo

118 824 196 863 177
215 821 473 870 conjunxerit,
494 823 732 874 ignoramus.
788 825 906 862 Certe
932 824 1086 875 quidvis
1115 825 1244 875 potius
1272 824 1358 870 fuit,
1382 837 1499 874 quam
1527 837 1677 861 morum

214 882 513 935 studiorumque
539 885 767 924 similitudo.
823 886 925 923 Nam
957 892 998 923 ut
1027 892 1123 924 aetas
1152 886 1218 923 illa
1246 885 1342 922 nihil
1372 886 1550 935 Lycurgo
1580 885 1678 923 vidit

214 945 397 991 sanctius,
419 945 475 983 sic
495 947 686 985 Stratocle
709 947 801 985 nihil
829 947 1060 997 improbius.
1117 947 1208 984 Non
1238 953 1363 984 tamen
1392 947 1491 985 bene
1520 948 1555 984 ei
1583 960 1676 985 con—

214 1005 319 1043 venit
339 1019 429 1044 cum
451 1007 731 1054 Demosthene,
754 1022 869 1059 quem
890 1009 941 1047 ob
963 1008 1168 1059 pecuniam
1197 1008 1246 1046 ab
1273 1008 1448 1059 Harpalo
1477 1015 1678 1059 acceptam

213 1067 378 1118 publice'
391 1070 604 1109 accusavit.
661 1070 779 1115 Quod
801 1071 1053 1120 intelligimus
1074 1084 1095 1108 e
1119 1070 1316 1108 Dinarcho
1336 1071 1374 1108 in
1396 1071 1509 1108 Dem.
1526 1074 1557 1118 ξ.
1574 1079 1621 1110 α’.
1636 1071 1682 1110 δ’.

215 1135 268 1175 et,
291 1129 322 1167 si
356 1143 428 1180 per
455 1131 634 1169 librarios
665 1132 853 1179 licuisset,
875 1132 991 1170 etiam
1027 1131 1330 1183 intelligeremus
1364 1145 1384 1170 e
1421 1133 1684 1171 Pseudo-Plu-

217 1190 353 1227 tarcho
374 1190 399 1228 l.
419 1204 454 1229 c.
475 1205 514 1242 p.
536 1196 627 1230 846.
648 1193 693 1231 C.
715 1199 755 1232 et
777 1194 921 1232 Photio
942 1192 1031 1231 cod.
1054 1197 1155 1232 265.-
1168 1207 1206 1244 p.
1229 1197 1346 1234 1475.
1369 1194 1436 1231 ubi
1458 1207 1560 1231 nunc
1583 1194 1680 1245 legi-

216 1257 300 1290 tur:
319 1252 514 1304 elaaxSrcic
532 1253 569 1292 δὲ
587 1257 641 1297 εἷς
660 1255 701 1292 τὸ
719 1254 957 1306 δικαστήριον
975 1255 1047 1292 ὑπὸ
1059 1254 1289 1305 ’Υπερείδου,
1307 1254 1472 1300 Πυθέου,
1486 1254 1682 1294 Μενεσαί-

216 1329 330 1364 χμου,
348 1313 549 1365 Ἱμεραίου,
569 1315 849 1366 Πατροκλέους,
871 1316 930 1354 vel
950 1316 1180 1367 Προκλέους.
1219 1317 1296 1354 Sed
1319 1323 1480 1367 propter
1496 1317 1681 1355 disertum

218 1374 406 1413 Dinarchi
427 1389 473 1414 ea
489 1376 537 1414 de
557 1390 597 1415 re
618 1378 878 1416 testimonium
895 1378 957 1416 vix
974 1377 1146 1415 dubitari
1162 1385 1306 1429 potest,
1321 1379 1414 1430 quin
1434 1379 1682 1418 scribendum

217 1435 267 1473 sit
285 1436 571 1487 Στρατοκλέους.
611 1439 833 1478 Eorundem
855 1438 1054 1477 nominum
1078 1441 1333 1478 commutatio
1355 1440 1486 1479 nescio
1507 1454 1556 1478 an
1576 1440 1681 1480 facta

217 1496 266 1534 sit
285 1498 390 1546 apud
412 1498 588 1545 Suidam,
610 1513 646 1537 v.
665 1502 932 1551 Ἀντίπατρος.
955 1501 1112 1545 νικήσας
1140 1501 1168 1539 δ’
1187 1501 1265 1557 ᾔτει
1291 1501 1375 1545 τοῦς
1396 1502 1482 1540 δέκα
1502 1503 1680 1554 ῥήτορας,

214 1559 278 1601 οὓς
304 1559 479 1606 ἐξέδοσαν
506 1561 539 1598 οἱ
563 1560 777 1609 Ἀθηναῖοι,
803 1561 1064 1614 Δημοσθένην,
1094 1562 1307 1613 εὙπερίδην,
1334 1563 1569 1614 Λυκοῦργον,
1599 1563 1684 1602 Πο-

213 1621 401 1667 λῦευκτον,
437 1622 657 1674 Ἐφιάλτην,
690 1623 977 1674 Θρασύβουλον,
1008 1622 1188 1674 Χάρωνα,
1227 1624 1458 1675 Χαρίδημον,
1490 1624 1682 1677 Διότιμον,

212 1681 450 1733 Πατροκλέα,
481 1684 742 1735 Κάσσανδρον.
799 1685 853 1722 Hi
883 1698 1017 1724 omnes
1048 1686 1130 1722 noti
1160 1692 1250 1723 sunt
1278 1699 1325 1723 ex
1356 1686 1517 1724 historia
1547 1687 1682 1726 Attica

214 1750 358 1793 praeter
377 1744 598 1781 Patroclem
625 1750 664 1782 et
692 1745 968 1784 Cassandrum.
1026 1746 1226 1784 Laudatur
1246 1746 1403 1795 quidem
1430 1760 1452 1784 a
1473 1747 1680 1786 Gramma-

215 1803 305 1842 ticis
324 1804 539 1854 Hyperidis
558 1805 680 1842 oratio
701 1805 885 1844 adversus
907 1807 1143 1845 Patroclem.
1201 1807 1357 1846 Procles
1378 1808 1492 1846 etiam
1513 1809 1682 1848 occurrit

215 1865 321 1915 apud
356 1866 562 1904 Demosth.
596 1866 684 1904 adv.
718 1868 985 1906 Pantaenetum
1017 1882 1057 1918 p.
1090 1873 1185 1906 994.
1217 1869 1263 1907 C.
1335 1869 1413 1906 Sed
1445 1870 1595 1908 nullum
1624 1870 1682 1909 ibi

213 1926 397 1964 indicium
419 1934 492 1972 est,
510 1928 764 1979 demagogum
785 1935 853 1967 aut
873 1936 1063 1968 oratorem
1082 1930 1214 1969 fuisse.
1255 1930 1489 1969 Plutarchus
1510 1931 1548 1969 in
1564 1932 1680 1972 Dem.

214 1991 245 2035 ᾗ.
275 1989 346 2037 κγ’.
381 1988 451 2026 hos
485 1997 659 2028 oratores
698 1991 913 2041 postulatos
946 1992 1098 2030 scribit:
1141 1992 1394 2043 Δημοσθένην,
1425 1992 1678 2040 Πολύευκτον,

212 2051 429 2101 Ἐφιάλτην,
445 2051 684 2104 Λυκοῦργον,
701 2052 931 2103 Μοιροκλέα,
948 2054 1121 2106 Δήμωνα,
1138 2054 1423 2101 Καλλισθένην,
1445 2055 1682 2108 Χαρίδημον.

213 2111 400 2150 Arrianus
431 2113 479 2150 de
501 2114 600 2164 Exp.
621 2115 732 2152 Alex.
761 2115 818 2152 M.
841 2115 873 2152 I.
894 2128 931 2166 p.
953 2119 1015 2153 22.
1037 2116 1129 2155 hos:
1160 2116 1419 2166 Δημοσθένην,
1445 2116 1680 2168 Ὑπερείδην,

213 2173 448 2223 Λυκοῦργον,
480 2175 733 2223 Πολύευκτον,
762 2176 934 2227 Χάρητα,
965 2177 1199 2229 Χαρίδημον,
1229 2178 1455 2227 Ἐφιάλτην,
1489 2178 1681 2231 Διότιμον,

212 2234 444 2285 Μοιροκλέα.
503 2235 604 2274 Num
635 2250 682 2274 ex
715 2236 773 2274 his
806 2237 911 2288 apud
947 2238 1112 2276 Suidam
1146 2238 1416 2289 reponendum
1452 2239 1682 2290 Μοιροκλέα,

213 2307 285 2343 pro
304 2294 541 2346 Πατροκλέα.
598 2297 739 2335 Verum
761 2298 899 2336 Suidas
919 2299 1017 2336 alios
1044 2305 1221 2337 auctores
1251 2306 1406 2338 secutus
1433 2306 1504 2346 est,
1530 2313 1604 2338 nec
1630 2301 1682 2339 ad

213 2354 411 2394 Plutarchi
433 2365 473 2396 ct
502 2358 657 2396 Arriani
688 2359 896 2398 lectionem
924 2360 1157 2398 conformari
1177 2360 1309 2398 debet.
1368 2361 1533 2399 Praestat
1562 2361 1681 2412 igitur

212 2419 449 2470 Στρατοκλέα
483 2420 624 2470 legere,
661 2434 740 2471 quo
774 2429 969 2473 corruptae
1000 2421 1178 2460 lectionis
1213 2422 1374 2471 vestigia
1412 2435 1482 2459 nos
1520 2422 1683 2462 ducunt.

214 2484 291 2521 Sed
313 2484 408 2534 quid
437 2484 661 2523 faciendum
691 2486 833 2523 nomini
864 2486 1133 2537 Κάσσανδρον.
1190 2486 1293 2523 Nam
1313 2486 1545 2534 Cassander,
1572 2488 1684 2526 Anti-

117 2548 194 2587 173
214 2546 314 2596 patri
346 2545 446 2585 filius
478 2548 569 2592 suit,
601 2559 677 2584 non
705 2549 943 2598 demagogus
968 2553 1035 2586 aut
1060 2555 1192 2585 orator
1221 2547 1483 2595 Atheniensis,
1514 2554 1555 2586 ut
1585 2549 1684 2588 nihil

214 2607 341 2645 dicam
361 2608 410 2645 de
428 2607 605 2652 nominis,
628 2608 915 2647 Macedonibus
944 2608 1105 2659 proprii,
1136 2609 1173 2646 in
1198 2610 1285 2646 cive
1308 2609 1441 2647 Attico
1462 2609 1682 2650 insolentia.

213 2668 274 2706 Ne
296 2669 440 2707 multa:
471 2668 685 2707 foedissime
712 2676 913 2708 truncatus
942 2676 1000 2707 est
1023 2669 1156 2708 Suidae
1179 2670 1303 2715 locus,
1325 2674 1366 2708 et
1387 2671 1442 2708 sic
1465 2670 1683 2722 integritati

213 2729 495 2768 restituendus:
527 2729 717 2781 Διότιμον,
739 2730 972 2781 Στρατοκλέα
991 2733 1106 2775 οὕτως
1127 2729 1422 2782 Ἀριστόβουλος
1451 2733 1470 2769 ὁ
1499 2736 1681 2772 Κασσαν-

214 2789 329 2840 ἒρεύς.
394 2791 533 2830 Suidas
562 2797 698 2829 testem
733 2792 864 2829 laudat
893 2792 1179 2838 Aristobulum,
1210 2792 1354 2830 clarum
1382 2792 1556 2832 historiae
1587 2793 1680 2832 Ale-

214 2851 349 2888 xandri
371 2852 427 2889 M.
449 2853 694 2903 scriptorem,
715 2866 762 2890 ex
783 2865 859 2901 quo
883 2859 1007 2891 totum
1027 2853 1229 2892 articulum
1251 2853 1525 2903 descripserat.
1580 2854 1680 2893 Haec

213 2910 453 2958 conjectura,
476 2912 601 2951 fateor
622 2915 740 2960 enim,
761 2913 948 2952 audacior
968 2913 1091 2952 videri
1112 2914 1248 2965 possit.
1299 2914 1376 2952 Sed
1394 2927 1545 2953 omnem
1565 2913 1678 2953 dubi-
