1818 3189
233 170 364 211 xxxvi
598 168 953 212 RUHNKENII
988 167 1138 212 HIST.
1173 165 1327 211 CRIT.

232 291 426 340 Diogenes
461 290 587 327 Laert.
613 287 658 323 V.
684 290 748 326 75.
771 299 880 336 seqq.
910 293 948 324 et
976 287 1055 324 Iac.
1081 286 1307 325 Perizonius
1326 285 1374 324 ad
1398 285 1537 324 AElian.
1555 286 1606 324 V.
1626 285 1678 324 H.

231 348 306 387 III.
328 355 394 391 17.

283 411 329 449 L.
353 409 514 460 Reliqui
535 410 649 458 hujus
675 409 803 446 aetatis
825 409 1013 446 Oratores
1034 408 1072 446 hi
1093 415 1206 447 sunt:

284 474 554 516 DEMOCLES,
597 471 859 521 Theophrasti
899 471 1126 521 discipulus.
1201 472 1237 509 Is
1272 470 1440 522 Lycurgi
1477 469 1622 507 liberos
1659 482 1683 507 a

220 534 432 577 -Moeroclis
454 540 491 571 et
515 533 792 571 Menesaechmi
822 533 1025 570 calumniis
1053 534 1242 574 defendit.
1312 531 1687 571 Pseudo-Plutarch.

230 595 268 632 in
301 595 481 645 Lycurgo
510 608 548 644 p.
569 598 660 632 842.
684 596 733 632 D.
793 595 949 632 Acerbo
978 595 1184 633 maledicto
1215 596 1430 633 insectatus
1459 601 1519 632 est
1541 595 1687 631 Demo-

229 657 398 694 charem.
465 657 633 694 Timaeus
664 656 768 706 apud
802 656 911 694 Suid.
950 669 985 693 v.
1011 655 1056 706 *Q
1081 658 1121 695 τὸ
1156 657 1252 708 ἱερὸν
1285 662 1372 708 πῦρ.
1437 656 1554 701 Vide,
1591 665 1680 705 quae

229 719 396 757 diximus
430 719 480 757 ad
517 720 637 756 Rutil.
673 720 703 756 Ι.
733 724 771 757 2.
807 732 844 768 p.
879 723 917 757 8.
975 720 1074 757 Eum
1114 719 1301 757 orationis
1339 718 1557 768 cujusdam,
1597 730 1686 767 quae

216 780 432 818 ·Dinarcho
455 781 710 826 tribuebatur,
731 786 928 818 auctorem
959 787 1072 831 putat
1106 780 1317 832 Dionysius
1340 780 1466 818 Halic.
1488 779 1525 816 in
1548 779 1687 816 Dinar-

228 841 304 878 cho
337 845 368 888 ἕ.
400 841 460 878 ια’.
525 841 774 878 Demoelides
802 842 1070 891 patronymica
1107 841 1232 879 forma
1264 848 1425 879 vocatur
1461 840 1511 879 ab
1547 839 1688 877 eodem

214 902 435 953 -Dionysio,
457 909 495 939 et
523 902 670 938 Timaeo
697 903 721 941 l.
750 916 785 940 c.
841 902 927 940 Nec
948 902 1138 947 dubitem,
1160 902 1253 952 quin
1274 903 1434 940 Archon
1457 898 1688 952 Eponynqis

228 963 344 1000 fuerit
376 963 660 1013 Olymp.CV1.
684 968 719 1000 1.
776 963 960 1004 Corsinus
995 977 1087 1000 vero
1120 964 1224 1001 Fast.
1257 966 1341 1001 Att.
1371 963 1419 1000 T.
1452 963 1521 1000 IV.
1552 975 1593 1012 p.
1622 965 1687 999 59.

229 1025 501 1063 Democlidem
536 1023 757 1075 Sphettium
790 1025 939 1069 dicens,
968 1024 1172 1062 manifesto
1200 1037 1330 1062 errore
1351 1023 1457 1061 illurn
1483 1022 1689 1061 confundit

216 1099 315 1123 -cum
335 1086 589 1124 Dromoclide
610 1087 801 1136 Sphettio,
818 1085 995 1135 ejusdem
1018 1087 1204 1136 temporis
1218 1092 1383 1131 oratore,
1406 1084 1520 1134 cujus
1540 1083 1688 1122 mentio

228 1148 273 1186 fit
292 1162 313 1185 a
335 1149 547 1187 Plutarcho
569 1148 744 1185 Demetr.
765 1161 806 1198 p.
828 1152 919 1186 894.
945 1149 992 1185 D.
1013 1153 1106 1186 905.
1125 1148 1165 1185 Β.
1188 1147 1307 1185 Polit.
1328 1159 1446 1197 praec.
1469 1159 1509 1197 p.
1531 1150 1623 1185 798.
1640 1145 1686 1183 E.

132 1209 208 1246 167
284 1211 349 1247 LI.
380 1210 658 1247 CHARISIUS.
691 1209 751 1246 De
776 1222 822 1246 eo
852 1209 1018 1246 diximus
1043 1209 1092 1246 ad
1121 1209 1240 1246 Rutil.
1269 1209 1299 1245 I.
1330 1213 1393 1246 10.
1422 1221 1460 1258 p.
1490 1211 1554 1248 37.
1577 1206 1686 1257 [Vid.

230 1270 325 1308 infra
341 1275 371 1318 ξ.
387 1271 511 1320 LXI.]
546 1272 666 1308 Erunt
689 1270 867 1315 fortasse,
890 1270 956 1320 qui
977 1270 1061 1319 ejus
1083 1283 1223 1307 nomen
1245 1269 1527 1307 restituendum
1549 1273 1687 1318 putent

228 1333 265 1370 in
287 1333 555 1369 Grammatico
578 1331 695 1369 veteri
721 1332 822 1369 Bibl.
842 1331 960 1370 Coisl.
982 1345 1021 1382 p.
1043 1336 1134 1370 489.
1167 1330 1374 1382 Ὀργεῶνες
1393 1333 1488 1369 εἰσὶν
1506 1331 1539 1368 οἱ
1559 1344 1686 1367 κοινω-

228 1399 377 1436 νοῦντες
400 1396 582 1438 ἀλλήλοις
603 1392 701 1431 θεῶν
726 1395 748 1438 ἢ
767 1395 894 1443 ἡρώων
914 1394 954 1430 ἐν
977 1393 1101 1444 ἱεροῖς,
1123 1395 1182 1430 καὶ
1203 1397 1305 1448 κοινῇ
1326 1396 1612 1440 θυηπολοῦντες,
1637 1394 1686 1434 ὡς

230 1455 350 1506 Χάρις
372 1459 478 1504 λέγει
500 1456 539 1492 ἐν
559 1459 607 1507 τῷ
628 1458 720 1493 κατὰ
739 1455 948 1493 Διονυσίου.
969 1457 1030 1492 καὶ
1048 1455 1165 1494 πάλιν
1188 1458 1366 1507 ὀργεῶνες
1393 1456 1505 1500 τινὲς,
1527 1454 1568 1491 ἐν
1590 1455 1684 1491 ἁπο-

227 1520 342 1565 λογίᾳ
360 1516 500 1564 ὕβρεως
521 1517 636 1568 σαφὲς
660 1522 769 1555 ποιεῖ.
817 1517 889 1555 Sed
913 1517 1170 1555 Grammatici
1191 1524 1338 1556 veteres
1359 1530 1436 1554 non
1456 1516 1529 1553 nisi
1548 1515 1684 1554 decem

229 1580 436 1616 Oratorum
455 1579 677 1616 Atticorum
695 1578 927 1616 auctoritate
943 1578 998 1616 uti
1019 1578 1159 1626 solent,
1175 1586 1280 1617 certe
1297 1591 1486 1629 nusquam
1506 1577 1685 1616 Charisii.

227 1640 287 1677 Cl.
302 1640 486 1677 Albertus
506 1639 554 1677 ad
574 1639 816 1690 Hesychium
835 1652 870 1678 v.
887 1639 1096 1690 Ὀργεῶνες
1115 1641 1294 1679 emendat
1307 1640 1453 1691 Χάρης,
1471 1640 1686 1690 intelligens

228 1701 452 1745 Charetem,
476 1714 588 1750 quem
611 1701 755 1738 Suidas
770 1714 807 1738 v.
822 1702 1086 1752 Ἀντίπατρος,
1099 1709 1142 1739 ut
1158 1702 1232 1739 sibi
1247 1715 1334 1740 cum
1351 1702 1432 1739 aliis
1451 1701 1687 1739 Oratoribus

226 1762 451 1806 dederetur,
467 1762 516 1798 ab
532 1761 739 1810 Antipatro
759 1762 995 1812 postulatum
1014 1763 1162 1800 scribit.
1220 1762 1295 1800 Sed
1313 1763 1460 1800 Chares
1476 1762 1689 1812 imperator

231 1823 319 1870 fuit,
341 1836 417 1860 non
439 1823 606 1860 Orator:
638 1823 686 1860 de
707 1835 830 1873 eoque
853 1823 1012 1860 Suidam
1034 1823 1306 1873 accipiendum
1327 1837 1423 1869 esse,
1447 1825 1603 1875 planum
1626 1830 1688 1863 est

228 1899 276 1922 ex
294 1884 459 1921 Arriano
480 1883 528 1921 de
550 1884 649 1933 Exp.
671 1884 780 1921 Alex.
798 1884 855 1921 M.
877 1884 907 1921 Ι.
929 1897 967 1934 p.
989 1888 1053 1922 22.
1090 1885 1178 1923 Huc
1199 1885 1369 1933 accedit,
1388 1885 1495 1936 quod
1511 1886 1687 1925 Justinus

230 1945 302 1982 XI.
323 1949 360 1982 4.
378 1951 520 1988 narrat,
539 1957 613 1981 nou
631 1951 803 1982 oratores
824 1951 975 1982 tantum
991 1947 1208 1996 postulatos
1222 1960 1319 1993 esse,
1336 1949 1536 1998 sedgetiam
1553 1948 1687 1987 duces.

229 2006 420 2056 Equidem
438 2018 512 2043 non
530 2014 673 2043 temere
689 2006 876 2055 suspicor,
890 2019 1029 2044 nomen
1039 2008 1159 2058 Χάρις
1177 2022 1222 2046 ex
1240 2008 1686 2061 Δείναρχοςξῑτυοοεῐυηι

228 2081 324 2114 esse,
344 2066 458 2116 cujus
479 2067 673 2104 orationes
697 2069 790 2104 κατὰ
809 2067 1008 2106 Διονυσίου
1035 2075 1074 2107 et
1094 2071 1288 2119 ἀπολογία
1309 2069 1453 2121 ὕβρεως
1482 2071 1688 2109 laudantur

228 2141 250 2166 a
271 2129 462 2178 Dionysio
485 2129 614 2165 Halic.
635 2129 671 2165 in
693 2128 894 2165 Dinarchu
915 2132 946 2175 ξ.
968 2130 1003 2167 ι’.
1026 2127 1090 2177 ιβ’.

284 2190 371 2228 LII.
401 2190 657 2235 HEGES1AS‚
676 2189 850 2240 MagneS,
870 2191 1130 2229 Asiaticorum
1152 2193 1362 2231 Oratorum
1383 2193 1685 2245 antiquissimus,

230 2251 279 2288 de
299 2263 379 2300 quo
398 2250 679 2300 disputavimus
699 2251 748 2288 ad
771 2251 889 2289 Rutil.
912 2252 944 2290 Ι.
965 2258 1001 2293 7.
1024 2266 1061 2303 p.
1083 2257 1147 2292 25.
1170 2254 1278 2305 [Vid.
1300 2255 1398 2293 infra
1418 2259 1449 2303 ξ.
1470 2256 1618 2305 LXII.]

283 2312 393 2350 LIII.
425 2312 757 2359 CLEOCHARES,
783 2313 1019 2363 Myrleaan
1047 2328 1093 2352 ex
1119 2316 1254 2353 eodem
1283 2329 1442 2353 numero
1470 2317 1684 2356 Oratorum

230 2375 507 2419 Asiaticorum,
522 2380 564 2410 ut
586 2373 731 2411 indicat
752 2375 889 2424 patria.
948 2375 1009 2413 De
1029 2388 1076 2413 eo
1089 2375 1255 2414 diximus
1275 2377 1322 2414 ad
1344 2377 1464 2415 Rutil.
1484 2378 1514 2416 I.
1529 2383 1567 2416 2.
1589 2392 1628 2429 p.
1646 2383 1684 2417 5.

233 2435 342 2486 [vid.
366 2434 478 2472 infra.
499 2438 529 2481 ξ.
552 2434 722 2483 LXIII.]

284 2496 386 2534 LIV.
418 2496 657 2541 ISIDORUS,
676 2496 947 2546 pergameum,
970 2504 1188 2548 postremus
1207 2503 1323 2536 aetate
1343 2499 1554 2537 Oratorum
1579 2500 1686 2539 Asia-

229 2570 380 2602 norum,
399 2570 497 2607 qnos
514 2557 683 2595 Rutilius
705 2558 847 2595 laudat.
903 2559 1004 2597 Vide
1024 2560 1073 2598 ad
1094 2560 1215 2599 Rutil.
1238 2560 1291 2598 ΙΙ.
1314 2564 1379 2598 16.
1402 2574 1441 2611 p.
1463 2565 1556 2600 128.
1574 2562 1682 2614 [Vid.

229 2619 326 2657 infra
343 2622 374 2666 ς.
396 2618 561 2666 LXIV]

283 2680 364 2716 LV.
396 2679 632 2724 DAPHle,
652 2680 847 2726 MYRON,
862 2687 900 2719 et
917 2681 1222 2729 Sosran'rEs‚
1239 2696 1336 2734 quos
1352 2684 1520 2722 Rutilius
1536 2685 1682 2732 laudat,

229 2748 269 2779 et
289 2741 360 2791 ipsi
376 2740 546 2790 {Asiatici
566 2742 754 2779 Oratores
779 2742 895 2780 fuisse
922 2743 1114 2783 videntur.
1174 2746 1246 2783 Sed
1276 2760 1362 2783 cum
1383 2747 1522 2785 nullam
1549 2763 1681 2791 eorum

231 2803 463 2840 mentionem
484 2802 588 2852 apud
609 2804 703 2841 alios
721 2804 991 2851 invenerimus,
1011 2806 1104 2842 nihil
1126 2807 1220 2844 certi
1245 2810 1501 2857 pronunciare
1524 2810 1627 2847 lieet.

287 2864 387 2899 LVI.
419 2865 701 2902 Recensuimus
720 2865 908 2903 Oratores
930 2879 1017 2904 vere
1040 2867 1113 2904 hoc
1143 2870 1295 2905 nomine
1318 2869 1471 2920 dignos,
1492 2884 1560 2908 nec
1582 2871 1681 2908 ultra

232 2925 413 2973 progredi
443 2926 725 2965 constituimus.
784 2927 883 2965 Nam
912 2928 1134 2977 quicunque
1161 2937 1247 2979 post
1281 2930 1348 2969 lios
1377 2945 1396 2968 a
1425 2932 1613 2970 Cicerone
1643 2939 1681 2970 et
