1925 3272
463 193 821 235 ORATORUM
858 191 1245 235 GRAECORUM.
1509 204 1593 232 xxv

123 321 146 346 a
169 308 286 346 Suida
309 324 341 347 v.
363 310 602 362 Θαῤῥαλέον,
632 309 746 358 cujus
774 308 884 358 quale
912 314 1182 358 argumentum
1211 305 1338 350 fucrit,
1363 305 1533 342 nondum
1550 305 1591 343 li-

123 370 206 409 cuit
227 371 421 422 indagare.
466 372 562 408 Eum
579 370 764 409 orationis
786 370 942 407 titulum
966 369 1142 407 Valesius
1165 370 1201 406 in
1224 369 1420 405 Maussac.
1439 374 1520 404 not.
1537 368 1585 405 ad

119 431 356 482 Harpocrat.
390 445 431 483 p.
456 437 549 471 338.
579 431 861 470 restituendum
892 431 1059 481 putabat
1089 431 1124 467 iu
1148 430 1282 468 Schol.
1303 429 1504 478 Aristopli.
1536 429 1584 466 ad

116 493 189 531 Av.
204 499 295 532 881.
312 495 508 544 ubivulgo
527 494 692 544 legitur:
721 492 921 544 Ὑπερίδης
942 492 982 530 ἐν
998 494 1046 543 τῷ
1065 491 1220 543 Χαλκῷ.
1280 491 1358 529 Sed
1377 490 1512 528 melior
1526 497 1586 528 est

115 556 235 594 altera
249 555 478 605 conjectura
497 563 535 593 ct
556 555 680 606 ipsius
697 555 854 601 Valesii,
871 560 908 592 et
925 554 1101 597 aliorum,
1116 555 1155 591 ἐν
1176 557 1224 605 τῷ
1243 555 1427 605 Δηλιακῷ.
1459 554 1584 590 Immo

116 623 339 666 suspectum
359 617 525 654 habeam
547 617 701 655 titulum
729 615 961 660 Κυὲνιακὸς,
990 615 1080 653 dum
1109 615 1267 653 alterius
1291 615 1493 665 scriptoris
1514 628 1582 652 au-

115 678 298 715 ctoritate
319 677 585 716 confirmetur.
644 678 858 729 Hyperidis
887 684 924 715 et
954 677 1152 727 Euripidis
1179 690 1318 714 nomen
1339 676 1484 714 librarii
1506 690 1582 715 non

114 738 231 775 semel
263 746 564 778 commutarunt.
622 739 826 777 Aristotel.
849 739 1010 778 Rhetor.
1033 739 1089 778 ΙΙ.
1111 752 1151 789 p.
1174 742 1266 777 345.
1307 738 1372 776 Διὸ
1397 737 1435 776 εὖ
1457 738 1535 790 ἔχει
1560 741 1582 784 ἡ

114 806 177 838 τοῦ
206 802 411 852 Εὐριπίδου
435 804 630 854 ἀπόκρισις
655 802 745 852 πρὸς
771 802 1054 853 Συρακουσίους.
1111 802 1246 852 Ipsum
1267 814 1510 851 responsum,
1540 807 1582 839 ut

113 868 246 901 notum
266 863 332 901 illo
352 869 542 914 tempore,
563 864 798 902 Aristoteles
819 863 1078 915 praetermisit,
1110 862 1195 912 sed,
1225 863 1338 913 quale
1362 863 1492 908 fuerit,
1514 876 1581 900 ex-

112 923 232 974 plicat
253 925 516 964 Scholiastesz
547 925 751 977 Εὐριπίδης
778 926 871 976 πρὸς
899 924 983 969 τούς
1002 925 1274 977 Συρακουσίους
1301 923 1467 976 πρεσβύς
1487 927 1580 962 ἀπο-

113 987 279 1033 σταλεὶς,
308 986 368 1024 καὶ
393 988 478 1037 περὶ
507 989 656 1037 εἰρήνης
685 988 744 1024 καὶ
771 990 901 1038 φιλίας
930 986 1113 1037 δεόμενος,
1149 989 1199 1029 ὡς
1231 987 1361 1025 ἐκεῖνοι
1393 988 1579 1030 ἀνένευον,

111 1045 226 1086 εἶπεν·
253 1048 339 1096 ἔδει,
366 1049 494 1098 ἄνδρες
520 1049 776 1100 Συρακούσιοι,
804 1051 831 1087 εἰ
858 1051 917 1086 καὶ
938 1049 981 1086 δι’
1003 1048 1108 1086 οὐδὲν
1129 1050 1242 1099 ἄλλο,
1263 1049 1367 1086 ἀλλά
1387 1065 1430 1097 ’γε
1452 1048 1510 1086 διὰ
1539 1049 1579 1087 τὸ
1603 1058 1678 1092 150

111 1110 192 1156 ἄρτι
211 1111 315 1160 ὑμῶν
335 1109 500 1155 δέεσθαι,
522 1113 767 1162 αἰσχύνεσθαι
794 1114 892 1161 ἡμᾶς
920 1114 969 1153 ὡς
992 1109 1271 1160 θαυμάζοντας.
1329 1109 1446 1154 Quod
1469 1111 1580 1148 Gl'ae-

111 1172 223 1209 culus
238 1172 312 1210 iste
333 1171 602 1218 non-finxisse,
626 1179 667 1211 ut
688 1173 886 1210 Victorius
907 1177 1033 1223 putat,
1050 1171 1116 1208 sed
1141 1184 1188 1208 ex
1205 1170 1370 1209 vetustis
1387 1183 1582 1208 commen-

111 1233 233 1282 latiis,
256 1240 296 1271 ut
316 1233 390 1272 alia
409 1234 602 1285 quaedam,
623 1234 796 1272 hausisse
818 1234 984 1272 videtur.
1042 1232 1116 1271 Sed
1143 1244 1212 1282 pro
1232 1232 1432 1282 Εὐριπίδης
1453 1232 1580 1282 legen-

109 1291 202 1331 dum
230 1293 439 1345 Ὑπερίδης.
495 1294 597 1332 Nam
628 1294 849 1345 Hyperides
879 1294 1004 1332 varias
1031 1306 1102 1344 pro
1131 1293 1336 1343 republica
1366 1293 1578 1342 legationes

111 1355 296 1406 suscepit,
324 1369 402 1394 non
430 1356 654 1406 Euripides.
715 1357 772 1393 De
801 1356 994 1406 legatione
1022 1354 1071 1392 ad
1097 1354 1210 1392 Eleos
1232 1353 1319 1391 vide
1341 1353 1508 1391 Pausan.
1531 1354 1578 1391 V.

109 1429 149 1467 p.
169 1421 262 1455 431.
283 1424 324 1456 et
343 1417 723 1456 Pseudo—Plutarch.
744 1417 770 1456 l.
791 1431 826 1455 c.
849 1430 887 1466 p.
913 1421 1005 1455 850.
1036 1417 1087 1454 A.
1110 1416 1159 1453 de
1182 1415 1376 1466 legatione
1403 1415 1452 1453 ad
1475 1415 1582 1452 Rho-

110 1477 211 1524 dios,
233 1479 611 1518 Pseudo-Plutarch.
633 1478 731 1517 ibid.
781 1479 858 1516 Hic
875 1479 940 1517 τὸν
958 1478 1152 1516 Ῥοδιακὸν
1172 1476 1322 1524 habuit,
1343 1490 1458 1527 quem
1481 1489 1579 1514 unus

112 1548 302 1579 memorat
329 1541 622 1580 Grammaticus
650 1540 997 1591 Sangermanensis
1022 1540 1105 1577 MS.
1137 1539 1365 1590 Προπεσεῖν,
1390 1544 1580 1589 προπετῶς

114 1617 149 1639 τι
177 1609 344 1648 ποιῆσαι.
372 1602 573 1653 ’Ὑπερίδης
603 1602 864 1653 Ῥοδιακῷ.-
882 1602 1096 1639 LYCURGI
1128 1600 1246 1638 vitam
1278 1612 1394 1651 quam
1428 1598 1580 1637 erudite

114 1663 300 1701 enarrarit
316 1663 523 1714 Taylorus,
542 1676 656 1701 nemo
674 1663 809 1700 nescit.
836 1662 949 1713 [Vid.
968 1661 1068 1699 infra
1087 1665 1116 1709 ξ.
1132 1660 1300 1709 LXVI]
1319 1660 1379 1697 De
1395 1660 1580 1697 DINAR-

115 1733 224 1770 (3Ηο,
250 1724 354 1769 vide,
381 1738 468 1775 quae
495 1724 662 1762 diximus
693 1724 742 1762 ad
770 1724 891 1761 Rutil.
918 1724 971 1761 II.
992 1726 1030 1760 5.
1052 1736 1091 1773 p.
1112 1727 1178 1761 88.
1201 1726 1262 1762 16.
1283 1735 1321 1772 p.
1339 1725 1430 1759 126.
1470 1721 1581 1772 [Vid.

113 1784 213 1822 infra
229 1789 262 1833 ξ.
285 1785 426 1833 LXV.]
459 1786 683 1822 DEMADIS
706 1783 809 1822 nulla
831 1789 982 1821 exstare
1005 1783 1165 1833 scripta,
1185 1782 1319 1820 dicunt
1336 1782 1478 1819 Cicero
1500 1782 1524 1820 1.
1544 1795 1580 1819 c.

112 1852 152 1885 et
178 1847 435 1891 Quinctilian.
461 1846 516 1884 Π.
536 1851 601 1888 17.
629 1859 670 1897 p.
690 1849 782 1885 105.
806 1845 901 1884 XII.
922 1847 987 1884 10.
1010 1848 1102 1884 629.
1161 1844 1238 1882 Sed
1272 1843 1365 1894 legit
1394 1843 1480 1893 ejus
1500 1857 1582 1882 ora-

112 1908 240 1948 tiones
267 1909 448 1955 Tzetzes,
469 1908 530 1946 vel
552 1909 684 1959 potius
712 1908 859 1946 Rhetor
880 1906 1077 1957 antiquus,
1106 1918 1222 1955 quem
1249 1905 1314 1943 ille
1341 1905 1579 1956 compilavit,

114 1969 218 2009 Chil.
236 1970 308 2009 VI.
327 1973 392 2009 36.
416 1973 480 2010 37.
536 1969 662 2008 Immo
689 1969 937 2020 superstitem
970 1968 1156 2006 habemus
1197 1974 1343 2016 partem
1379 1966 1580 2004 Orationis

111 2033 205 2082 ῧπὲρ
231 2039 298 2078 τῆς
330 2031 584 2077 δωδεκαετίας,
622 2045 739 2082 quam
773 2032 896 2082 ipsam
928 2036 1116 2068 memorat
1149 2029 1290 2067 Suidas
1324 2042 1357 2065 v.
1389 2029 1580 2080 Δημάδης.

113 2094 394 2133 Adscribamus
418 2093 526 2132 illum
552 2095 698 2139 locum,
732 2106 812 2143 quo
839 2092 966 2130 nullus
990 2092 1027 2129 in
1057 2091 1177 2128 Suida
1205 2103 1334 2140 neque
1362 2091 1582 2140 corruptior

114 2162 172 2195 est
200 2170 330 2207 neque
356 2156 554 2194 difficilior
580 2155 630 2193 ad
653 2154 964 2194 emendandum:
996 2153 1184 2205 Δημάδης,
1211 2152 1434 2198 Ἀθηναῖος,
1461 2153 1581 2204 ῥήτωρ

115 2219 176 2258 καὶ
194 2217 422 2269 δημαγωγὸς
447 2222 663 2267 πανοῦργος
690 2218 750 2253 καὶ
777 2218 950 2266 εὔτυχής·
977 2217 1155 2264 πρότερον
1181 2214 1317 2260 ναύτης
1345 2216 1396 2251 ὢν
1415 2212 1581 2264 ἔγραψεν

115 2279 380 2330 ἀπολογισμὸν
405 2279 499 2330 πρὸς
514 2276 760 2328 Ὀλυμπιάδα
785 2286 851 2323 τῆς
878 2277 1010 2316 ἑαυτοῦ
1032 2276 1282 2318 δωδεκαετίας.
1315 2275 1480 2327 ἱστορίαν
1498 2278 1581 2326 περὶ

115 2342 252 2388 Δήλου,
274 2343 336 2379 καὶ
361 2347 426 2386 τῆς
451 2342 631 2390 γενέσεως
656 2346 728 2379 τῶν
755 2346 821 2384 τῆς
843 2339 996 2386 Λητοῦς
1022 2338 1178 2376 παίδων.
1200 2336 1316 2380 οὗτος
1336 2340 1517 2376 κατέλυσε
1537 2341 1582 2375 τὰ

114 2404 349 2455 δικαστήρια,
371 2404 431 2440 καὶ
450 2403 535 2446 τοὺς
557 2400 766 2453 ῥητορικοὺς
786 2403 957 2450 ἀγῶνας.
978 2402 1133 2452 τελευτᾷ
1163 2398 1200 2437 δὲ
1226 2399 1285 2436 ἐπὶ
1311 2398 1579 2449 Ἀντιπάτρου.

117 2466 217 2510 Quae
239 2465 373 2503 vitiata
393 2471 494 2508 sunt,
524 2464 579 2501 sic
605 2463 851 2513 corrigenda,
879 2475 968 2512 quae
998 2462 1142 2507 luxata,
1171 2460 1227 2506 sic,
1253 2460 1351 2498 locis
1371 2461 1448 2498 suis
1468 2473 1581 2510 repo-

116 2527 264 2565 nenda:
306 2525 498 2577 Δημάἕης,
524 2525 753 2572 Ἀθηναῖος,
783 2525 905 2576 ῥήτωρ
935 2526 993 2562 καὶ
1022 2523 1251 2572 δημαγωγὸς
1279 2528 1493 2574 πανοῦργος
1522 2525 1582 2560 καὶ

115 2591 262 2641 εὐφυής·
293 2590 472 2640 πρότερον
499 2591 635 2634 ναύτης
661 2591 725 2626 ὤν.
762 2587 928 2638 ἔγραψεν
957 2585 1225 2635 ἀπολογισμὸν
1252 2587 1331 2634 περὶ
1357 2592 1422 2630 τῆς
1449 2587 1582 2622 ἑαυτοῦ

117 2653 368 2695 δωδεκαετίας.
397 2653 562 2701 ἱστορίαν
590 2653 673 2703 περὶ
697 2653 834 2697 Δήλου,
864 2652 923 2688 καὶ
947 2658 1012 2696 τῆς
1040 2651 1222 2698 γενέσεως
1248 2656 1320 2688 τῶν
1345 2655 1411 2694 τῆς
1429 2648 1582 2694 Λητοῦς

117 2715 273 2753 παίδων.
294 2718 448 2766 τελευτᾷ
469 2714 506 2752 δὲ
525 2717 602 2752 κατ’
621 2713 859 2766 Ὀλυμπιάδα
877 2706 946 2764 ρ-ιὲ.
976 2714 1036 2751 ἐπὶ
1059 2715 1101 2750 Ἀ
1110 2715 1323 2763 ντιπιίτρου,
1344 2713 1385 2754 ὃς
1406 2712 1583 2748 κατέλυσε

118 2780 164 2815 τὰ
183 2777 398 2826 δικαστήρια
417 2779 476 2813 καὶ
495 2777 579 2819 τοὺς
598 2777 808 2826 ῥητορικοὺς
828 2777 998 2824 ἀγῶνας,
1018 2777 1077 2812 καὶ
1102 2777 1177 2825 μετ’
1199 2772 1448 2822 Ἀλέξανδρον
1467 2770 1580 2818 βασι·
1602 2777 1673 2811 15]

119 2841 271 2883 λεύσιις,
308 2836 447 2885 Θήβας
484 2838 677 2884 ἀνέστησε.
752 2837 885 2882 Nunc,
925 2850 1009 2886 age,
1048 2835 1283 2886 singularum
1324 2833 1582 2871 mutationum

119 2900 306 2938 rationem
338 2898 558 2943 reddamus,
588 2906 626 2936 et
654 2898 784 2937 locum
814 2898 949 2948 paucis
979 2897 1228 2934 illustremus-
1298 2897 1447 2945 Εὒφυὴς
1476 2894 1582 2944 apud

122 2962 275 3000 Atticos
304 2959 495 3010 significat
523 2959 702 3007 dicacem,
722 2959 911 3010 saeelum.
978 2956 1269 2996 Grammaticus
1298 2956 1387 2994 MS.
1415 2955 1452 2993 in
1482 2955 1581 2993 Bibl.

842 3043 859 3064 C
