1818 3189
270 219 355 262 210
751 221 784 263 I.
815 221 941 265 OTT.
975 222 1249 265 SLUITERI

268 325 483 375 terjectarn.
544 325 796 378 Quapropter
815 328 895 366 duo
914 328 979 368 illa
998 329 1190 368 vocabula
1208 333 1482 382 προσαμαρτὼν
1500 334 1679 383 pum-runa
1694 342 1721 372 e

269 391 456 425 contextu
475 385 670 436 ejicienda
690 394 791 435 sunt,
809 395 927 441 atque
949 404 996 429 eo
1015 390 1221 442 releganda
1242 391 1345 430 unde
1365 399 1561 431 venerunt.
1617 394 1721 432 Con·-

270 446 398 485 firmat
424 448 525 487 hanc
545 449 854 490 emendationem
875 453 1050 499 Photius‚
1069 453 1137 503 qui
1160 452 1272 491 unius
1289 458 1439 492 tantum
1465 454 1640 494 meminit
1657 464 1723 494 ac-

269 509 493 557 cusationis,
512 516 630 559 atque
663 513 912 563 parenthesin
939 513 1057 562 illam,
1084 520 1125 552 et
1151 515 1267 553 rebus
1299 521 1339 554 et
1368 514 1493 554 verbis
1512 515 1721 562 turbatam,

269 569 411 609 omisit.
466 571 590 611 Porro
609 574 717 624 quod
737 575 849 614 addit
864 576 1289 622 Pseudo-Plutarchus,
1310 583 1425 616 antea
1445 582 1562 616 noctu
1582 578 1724 617 comis-

268 638 416 672 santem
432 634 679 674 Andocidem
691 649 762 689 per
774 638 982 677 ludibrium
1003 645 1041 677 et
1055 639 1308 689 petulantiam
1324 639 1524 679 simulacra
1540 640 1722 691 quaedam

268 693 506 745 praecidisse,
526 697 628 737 unde
647 705 786 750 postea
807 700 844 738 in
866 699 1052 751 majorem
1073 701 1330 753 suspicionem
1353 701 1548 748 inciderit,
1566 715 1615 740 eo
1635 712 1727 753 per-

269 755 390 795 tinere
422 758 589 806 videtur,
624 762 731 811 quod
763 762 1015 814 Thucydides
1042 763 1066 801 l.
1097 764 1168 802 VI.
1196 777 1232 802 c.
1261 768 1327 803 28.
1357 770 1396 802 et
1424 763 1656 803 Plutarchus
1684 763 1725 802 in

271 817 403 856 Alcib.
424 832 465 872 p.
486 825 577 860 200.
599 822 646 862 C.
674 829 845 871 narrant,
865 823 1072 874 inquilinos
1103 824 1291 876 quosdam
1312 831 1352 864 et
1372 838 1503 864 servos
1531 832 1646 864 antea
1666 825 1724 865 fa-

270 885 370 917 ctam
386 881 437 920 ab
457 883 574 922 ebriis
587 884 799 933 juvenibus
825 885 981 923 aliarum
1011 891 1224 924 statuarum
1244 886 1522 926 mutilationem
1553 888 1592 925 in
1614 886 1724 937 judi-

270 940 371 980 cium
392 943 593 989 detulisse:
616 953 656 983 et
676 945 744 985 has
766 959 903 985 causas
923 946 1164 986 confundere
1182 948 1335 986 videtur
1355 951 1505 988 Auctor
1520 949 1728 988 Orationis

271 1010 408 1043 contra
427 1006 667 1047 Andocidem
686 1022 725 1060 p.
752 1014 841 1049 105.
861 1023 896 1047 v.
916 1013 980 1049 13.

325 1067 472 1106 Eodem
489 1074 661 1121 tempore
683 1071 838 1110 Teucer
853 1072 1029 1110 Athenas
1047 1085 1239 1118 reversus,
1261 1085 1349 1111 cum
1370 1072 1420 1111 de
1450 1071 1646 1123 Mysteriis
1666 1071 1726 1110 in-

271 1126 426 1175 dicavit,
447 1136 528 1169 tum
550 1132 780 1171 Hermaru'm
802 1134 1069 1172 mutilatorum
1090 1134 1192 1171 viros
1219 1133 1485 1183 duodeviginti
1513 1145 1590 1172 non
1613 1133 1725 1185 igno-

273 1189 367 1228 biles
381 1193 598 1239 accusavit;
621 1195 727 1245 quod
745 1195 907 1245 primum
922 1194 996 1233 fuit
1012 1195 1060 1233 de
1078 1194 1230 1233 Hermis
1247 1195 1457 1234 indicium:
1480 1194 1553 1233 vid.
1569 1194 1725 1234 Andoc.

270 1264 309 1301 p.
330 1256 368 1291 5.
389 1267 425 1291 v.
446 1258 510 1293 33.
566 1255 666 1294 Cum
697 1256 787 1295 hinc
815 1257 992 1295 maximae
1015 1257 1052 1294 in
1073 1256 1228 1295 civitate
1250 1257 1386 1315 turb4ae‚
1406 1257 1544 1295 summi
1563 1256 1726 1296 timores

270 1315 477 1363 orirentur,
497 1316 590 1355 dum
606 1318 679 1355 sibi
700 1319 869 1369 quisque
886 1318 1095 1364 metuebat,
1123 1332 1171 1356 ne
1199 1319 1464 1370 corriperetur
1481 1317 1655 1369 (Andoc.
1675 1317 1726 1357 de

270 1375 392 1426 Myst.
413 1389 452 1428 p.
473 1381 511 1415 6.
541 1392 576 1417 v.
599 1382 635 1416 3.
655 1379 705 1417 de
727 1380 825 1418 Red.
844 1393 885 1430 p.
901 1385 965 1418 20.
985 1393 1019 1418 v.
1036 1383 1128 1428 37.),
1149 1393 1239 1418 usus
1259 1386 1319 1418 est
1339 1380 1412 1419 hac
1433 1379 1729 1431 perturbatione

271 1436 473 1476 Dioclides
493 1439 609 1478 homo
632 1441 821 1492 perditus.
879 1443 917 1480 Is
947 1442 1062 1492 igitur
1092 1449 1267 1480 senatum
1297 1441 1394 1487 adit,
1426 1454 1466 1480 se
1496 1454 1610 1481 nosse
1629 1440 1728 1496 dicit

269 1512 350 1545 eos,
371 1501 438 1550 qui
455 1500 605 1540 facinus
625 1508 859 1554 patrassent,
880 1502 1024 1542 vidisse
1043 1504 1144 1542 enim
1163 1517 1203 1542 se
1223 1509 1262 1542 et
1281 1504 1510 1555 cognovisse
1536 1503 1585 1541 ad
1605 1502 1728 1541 Lunae

270 1561 516 1611 splendorem
537 1563 616 1603 fere
636 1570 855 1604 trecentos:
883 1566 959 1604 vid.
979 1565 1133 1605 Andoc.
1154 1577 1194 1616 p.
1213 1569 1252 1604 6.
1273 1579 1308 1604 v.
1330 1571 1369 1605 6.
1424 1564 1502 1603 Hic
1520 1577 1613 1603 vero
1633 1564 1730 1615 quin

269 1622 372 1661 idem
394 1624 457 1671 sit,
479 1638 594 1676 quem
620 1625 839 1678 significant
865 1626 985 1667 Diod.
1015 1627 1092 1667 Sic.
1112 1627 1138 1665 l.
1160 1627 1275 1667 XIII.
1296 1640 1331 1666 c.
1350 1632 1389 1666 2.
1410 1639 1449 1679 p.
1468 1631 1560 1665 543.
1577 1632 1618 1664 et
1636 1625 1729 1664 Plu·
1766 1648 1770 1651 v

275 1685 400 1725 tareh.
420 1686 460 1725 in
481 1688 612 1727 Alcib.
633 1701 675 1740 p.
695 1693 788 1729 201.
807 1691 852 1729 E.
883 1690 1030 1729 nullum
1051 1689 1146 1729 mihi
1177 1695 1237 1729 est
1256 1690 1440 1736 dubium;
1472 1702 1597 1739 neque
1615 1689 1731 1727 video

273 1761 344 1786 cur
361 1748 598 1788 dubitaverit
613 1751 659 1790 P.
676 1751 965 1803 Wesselingius,
987 1752 1044 1790 vir
1063 1764 1246 1798 summus,
1267 1751 1318 1791 ad
1337 1751 1376 1791 d.
1398 1751 1424 1790 l.
1439 1750 1618 1789 Diodori.
1663 1748 1731 1788 Ait

273 1806 376 1850 euim
394 1811 614 1852 Diodorus:
635 1813 854 1865 προσελθὼν
873 1814 910 1853 δέ
934 1831 990 1857 τις
1014 1821 1086 1853 τῶν
1109 1814 1260 1852 ἰδιωτῶν
1283 1817 1327 1869 τῇ
1356 1812 1494 1868 βουλῇ,
1517 1813 1652 1864 ἔφησεν
1676 1815 1729 1855 εἷς

272 1873 391 1910 οἰκίαν
409 1878 581 1922 μετοίκου
598 1879 704 1919 nmis
722 1876 921 1928 ἑωρακέναι
943 1879 987 1932 τῇ
1011 1879 1191 1927 νουμηνίᾳ
1209 1876 1289 1926 περὶ
1308 1876 1426 1926 μέσας
1445 1876 1580 1916 νύκτας
1598 1875 1731 1913 εἶσιόν·

272 1949 355 1985 τας,
367 1935 406 1972 ἐν
426 1933 483 1978 οἷς
502 1938 561 1973 καὶ
578 1936 642 1975 τὸν
662 1936 924 1986 Ἀλκιβιάδην·
947 1938 1236 1988 ἀνακρινόμενος
1255 1936 1284 1973 δ’
1298 1935 1369 1973 ὑπὸ
1390 1941 1455 1980 τῆς
1471 1933 1629 1982 βουλῆς,
1647 1941 1730 1979 πῶς

272 1995 401 2040 νυκτὸς
419 1996 530 2044 οῧσης
555 1998 781 2047 ἐπε-γίνωσκε
806 2003 876 2043 τὰς
901 1999 1019 2049 ὄψεις,
1048 1998 1157 2051 ’έφησε
1185 1997 1278 2049 πρὸς
1307 1996 1347 2035 τὸ
1377 2003 1442 2041 Τῆς
1471 1997 1628 2042 σελήνης
1653 2002 1730 2048 φῶς

272 2056 479 2108 ἐωρακέναι’
501 2058 605 2103 οὗτος
623 2061 695 2112 μὲν
717 2059 783 2100 οὖν
803 2061 917 2100 αὑτὸν
941 2061 1144 2109 ἐξελέγξας,
1165 2061 1464 2109 κατεψευσμένος
1487 2058 1626 2107 εὑρέθη.
1664 2057 1728 2096 De

275 2119 485 2159 Plutarcho
505 2120 630 2160 minus
661 2122 780 2162 etiam
809 2129 870 2162 est
895 2123 1002 2174 quod
1029 2121 1274 2166 dubitemus;
1306 2120 1370 2158 hic
1400 2119 1501 2158 enim
1521 2125 1730 2170 postquam

275 2181 469 2220 delatores
489 2183 700 2222 nominavit
719 2183 918 2224 Teucrum
945 2191 983 2223 et
1010 2183 1250 2230 Dioclidem,
1276 2188 1394 2233 atque
1424 2180 1632 2233 Phrynichi
1652 2180 1730 2219 Co-

276 2243 366 2282 mici
387 2244 489 2283 hunc
510 2245 639 2284 locum
659 2247 863 2298 apposuit:

468 2331 520 2369 A.
557 2331 610 2370 Ὠ
626 2333 780 2385 φίλταθ’
796 2333 927 2386 Ἑρμῆ,
945 2335 1003 2371 καὶ
1021 2333 1215 2385 φυλάσσου
1230 2334 1281 2384 μὴ
1301 2335 1425 2370 πεσὼν

570 2393 698 2433 Αὑτὸν
717 2399 970 2451 παρακρούσῃ,
987 2397 1044 2433 καὶ
1062 2394 1264 2448 παράσχῃς
1284 2392 1468 2443 διαβολὴν

568 2455 706 2509 Ἐτέρῳ
723 2456 917 2510 Διοκλείδᾳ
937 2456 1156 2509 βουλομένῳ
1177 2457 1287 2494 κακόν
1302 2472 1337 2495 τι
1357 2455 1459 2507 δρᾷν.

426 2515 538 2568 Ἐρμ.
565 2516 792 2570 Φυλάξομαι·
829 2519 978 2572 Τεύκρῳ
1000 2520 1076 2572 γάρ
1097 2520 1182 2570 οὐχὶ
1200 2516 1388 2569 βούλομαι

570 2578 752 2631 Μήνυτρα
771 2581 899 2620 δοῦναι
914 2585 962 2634 τῷ
983 2580 1211 2632 παλαμναίῳ
1229 2581 1324 2631 ξένῳ.

278 2674 363 2712 haec
383 2672 608 2724 subjungit:
639 2678 759 2713 καίτοι·
774 2674 937 2723 βέβαιον
957 2674 1061 2714 οὒδὲν
1079 2674 1151 2713 οὐδ’
1185 2674 1340 2726 ἰσχυρὸν
1359 2673 1392 2710 οἱ
1420 2672 1620 2723 μηνΰοντες
1638 2671 1732 2712 ἐδεί-

279 2747 430 2774 κνυσαν·
460 2732 514 2778 εἷς
533 2734 562 2772 δ’
577 2736 698 2774 αὐτῶν
726 2736 970 2786 ἐρωτώμενος,
989 2735 1089 2779 ὅπως
1108 2738 1154 2772 τοὶ
1175 2735 1354 2786 πρόσωπα
1372 2740 1445 2773 τῶν
1460 2732 1734 2785 Ἑρμοκοπιδῶν

280 2800 486 2847 γνωρίσειε,
507 2797 565 2834 καὶ
585 2797 876 2848 ἀποκρινάμενος
895 2796 949 2835 ὅτι
970 2796 1059 2847 πρὸς
1092 2798 1158 2842 τὴν
1178 2796 1352 2843 σελήνην,
1374 2795 1518 2847 ἐσφάλη
1547 2799 1611 2833 τοῦ
1639 2804 1735 2834 παν-

280 2860 355 2901 τός·
393 2859 480 2903 ἔνης
508 2861 567 2896 καὶ
600 2863 687 2902 νέας
718 2860 831 2907 οὔσης
857 2858 915 2897 ὅτε
943 2860 1043 2897 ταῦτ’
1060 2857 1200 2910 ἐδρᾶτο.
1256 2858 1317 2895 De
1338 2870 1417 2908 quo
1434 2868 1483 2894 eo
1501 2855 1621 2906 magis
1640 2854 1734 2894 mihi

281 2927 341 2957 est
369 2931 608 2970 persuasum,
635 2920 742 2972 quod
771 2926 811 2960 et
839 2919 1068 2959 Andocides
1096 2918 1204 2966 dicit,
1236 2918 1456 2957 Dioclidem
1483 2915 1569 2956 falsi
1600 2914 1734 2956 indicii

281 2992 416 3030 poenas
443 2989 566 3021 morte
588 2982 717 3032 luisse,
738 2995 777 3034 p.
798 2987 837 3021 9.
858 2995 893 3021 v.
913 2985 978 3021 26.
1034 2980 1111 3021 Hie
1130 2994 1221 3019 vero
1241 2980 1444 3020 Dioclides
1462 2982 1528 3019 42.
1544 2978 1648 3018 'viros
1666 2989 1732 3017 ac·
