1818 3189
250 177 320 225 84
396 176 972 225 ΑΝΤΙΡΦΩΝΤΟΣ
1026 178 1518 222 ΤΕΤΡΑΛΟΓΙΑ
1561 180 1618 222 Γ.

246 277 600 347 επισκῆπτομεν
627 272 734 367 υπέρ
759 298 915 337 αυτου,
942 300 1006 346 μη
1033 274 1107 326 ⁷321
1131 275 1262 339 φονέα
1290 274 1530 347 ζητουντας
1554 276 1695 330 κολα·

249 353 354 445 ζειν
370 352 446 404 τᾶν
480 349 681 452 καθαρὸν
707 347 934 423 1[ζητεειν]
960 349 1256 402 οἷποκτείνειν.

1300 351 1324 369 ‘l

1298 373 1319 401 ο
1356 373 1406 402 τε
1441 375 1532 427 ’γαρ
1563 351 1691 404 eiwo-

248 450 427 484 κτεινας
454 449 530 478 του
550 424 887 483 Ξοῖποθανόντος
902 422 990 477 ovd&
993 449 1011 475 ν
1026 423 1160 486 Ῑῆσσον
1180 435 1271 483 τοῖς
1291 423 1452 484 αἰτίοις
1469 449 1691 494 προσ-τρο·
1708 439 1760 474 10

248 500 375 553 παιάν
401 499 540 563 ἔστιν,
569 498 693 559 our&
720 522 770 551 τε
797 498 981 558 οἷνοσιως
984 497 1258 591 ὃιαφθαρεις
1282 497 1526 552 διπλάσιον
1550 500 1693 552 καθί-

247 598 383 637 στησι
406 573 460 627 73
481 573 677 644 μίασμα
703 598 788 626 των
815 571 1048 666 οἷλιτηριων
1075 584 1167 633 τοῖς
1191 573 1524 627 οἷποκτεῖνασιν
1544 573 1691 628 adrov-

247 650 403 701 ταῦτα
422 649 491 701 οὐν
517 646 714 711 δεδιότες,
741 647 814 700 τὸν
837 673 918 717 μεν
944 648 1187 742 καθαξόν
1162 671 1362 719 υμετερον
1386 646 1635 714 abdo-9⁵?
1589 672 1696 702 ειναι

151 733 229 770 702
246 721 457 776 α’πολύειν
492 724 571 786 τῆς
604 721 778 786 αἶτιας,
807 722 882 775 τᾶν
917 720 960 776 δε

992 748 1146 793 μίαρον
1185 747 1248 790 Τῳ
1266 747 1423 816 Ιχξθνῳ
1460 720 1699 782 αποδοντές

246 816 376 862 φῆναι
413 808 504 857 τοῖς
537 795 747 865 ἔγγιστα
785 799 1080 890 τιμωρεῖσθαι
1115 798 1405 850 ὖπολειπετε·
1451 796 1562 850 ου’τω
1606 821 1700 871 ’γαρ

246 870 520 925 δικαιότατα
547 896 626 924 και
655 870 895 924 οο-ιῶτατα
920 870 1137 947 ‘neoniam’
1162 869 1233 923 α’ν.

630 971 640 990 ¹
652 970 775 1000 Absunt
793 969 873 999 unci.

285 1045 533 1085 Ἐπισκῆπτομεν]
557 1045 610 1075 Sic
634 1046 708 1074 dedi
731 1045 771 1074 de
797 1055 878 1079 meo,
899 1055 956 1083 pro

244 1089 363 1128 vulgari
387 1089 496 1119 amn,
521 1099 577 1118 nos
601 1089 693 1118 vobis
717 1088 901 1127 injungimus
926 1092 957 1117 et

243 1132 474 1162 demandamus.
498 1132 601 1162 Imm.

285 1173 485 1214 Ἀποκτείνας]
511 1175 586 1204 Scil.
601 1172 647 1203 τᾶν
664 1173 799 1210 θανόντα,
819 1173 866 1204 ἐὰν
879 1175 955 1204 ἅντι-

243 1217 363 1259 φονευθὶἰ
377 1216 477 1250 ἀδίκως
491 1217 540 1247 καὶ
553 1215 804 1249 &verzalus-31.

287 1262 351 1295 Τοῖς
366 1273 394 1290 αι
388 1259 481 1301 ’τίεις]
504 1261 579 1291 Scil.
600 1259 683 1289 ’τούτο
685 1271 700 1288 υ
721 1261 771 1289 τοῦ
793 1258 883 1298 φένου,
907 1272 957 1289 του

243 1303 377 1343 δευτέρου.
393 1304 432 1333 iis
449 1304 500 1343 qui
517 1305 631 1333 caedem
644 1304 720 1332 hanc
737 1303 913 1337 secundam,
923 1302 955 1331 in

242 1346 389 1376 ultionem
406 1347 530 1385 prioris,
545 1358 570 1376 c«
564 1346 749 1375 onsciscunt.
764 1346 870 1376 Imm.

288 1387 393 1431 Οἷτος]
419 1391 483 1419 lnio
512 1400 584 1419 vero
612 1387 719 1422 οὕτωςὲ
752 1393 852 1417 manet
876 1387 956 1417 enim

245 1434 343 1462 oratio
360 1433 391 1462 in
408 1433 514 1462 eodem
534 1434 686 1471 subjecto,
704 1441 762 1460 non
788 1431 894 1460 desilit
919 1431 956 1460 ad

1170 971 1183 990 2
1193 967 1315 1003 θανόντος

991 1045 1160 1083 prodendo.
1207 1044 1260 1074 Sin
1287 1048 1386 1074 autem
1412 1045 1449 1074 ab
1472 1044 1532 1074 alio
1555 1045 1699 1084 quopiam

991 1093 1146 1126 peremtus
1161 1094 1220 1122 est,
1234 1087 1341 1126 ecquis
1358 1087 1410 1117 ille
1426 1088 1580 1118 homicida
1598 1093 1657 1125 est,
1672 1089 1698 1118 si

975 1135 1151 1160 -accusatus
1180 1141 1238 1160 non
1266 1130 1335 1166 fuit,
1364 1131 1416 1169 qui
1441 1135 1568 1170 negatur
1591 1131 1698 1161 fuisse.

991 1175 1090 1203 Nemo
1106 1173 1186 1203 enim
1200 1173 1278 1203 alius
1289 1173 1464 1203 intervenit.
1503 1175 1625 1213 Ergone
1635 1175 1700 1204 fru-

991 1222 1054 1246 stra
1069 1217 1153 1247 istaec
1170 1222 1259 1255 atque
1279 1221 1393 1246 temere
1409 1216 1453 1245 ita
1468 1219 1603 1257 projecta
1615 1218 1700 1247 dice-

989 1260 1079 1289 mus'!
1124 1260 1217 1289 Haud
1241 1259 1338 1288 ausim
1361 1259 1518 1290 affirmare.
1564 1260 1657 1297 Quod
1672 1260 1700 1290 εἰ

991 1313 1064 1341 ergo
1087 1312 1159 1332 sana
1175 1303 1222 1331 his
1239 1312 1362 1341 quoque
1378 1302 1459 1332 inest
1474 1303 1637 1339 sententia,
1652 1303 1700 1334 vi-

990 1346 1081 1375 detur
1105 1345 1241 1384 sophista
1259 1345 1417 1383 judicibus
1440 1350 1546 1375 auctor
1569 1356 1649 1382 esse,
1664 1350 1700 1376 ut
1756 1369 1758 1373 .

991 1393 1188 1418 accusatores
1204 1398 1221 1417 a
1238 1399 1270 1417 se
1287 1398 1354 1417 cum
1368 1389 1423 1417 hac
1439 1388 1638 1418 excusatione
1653 1389 1700 1418 di-

991 1431 1121 1461 mittant.
1165 1433 1193 1461 O
1209 1431 1290 1466 boni,
1307 1442 1365 1460 non
1381 1431 1488 1471 liquet,
1504 1432 1625 1471 quinam
1640 1432 1698 1462 hu-

245 1476 350 1513 aliud3
374 1486 428 1505 seu
453 1477 514 1505 duo
539 1476 592 1504 illa
615 1475 766 1504 vocabula
791 1473 958 1508 ἀποκτείνας
986 1474 1039 1515 jus
1055 1475 1183 1513 peremti
1199 1474 1351 1504 homicida
1372 1475 1474 1504 fuerit.
1519 1476 1610 1505 Nunc
1631 1475 1699 1514 qui-

245 1523 276 1548 et
300 1517 468 1559 διαφὲαξεῖς
489 1519 527 1547 ad
551 1519 678 1547 eandem
699 1528 860 1557 personam
885 1517 956 1546 red-

246 1566 330 1591 eunt.
376 1563 500 1597 Contra,
516 1561 545 1590 in
564 1561 687 1600 vulgata
709 1559 904 1594 ὁᾶποκτείνας
927 1564 957 1590 et

244 1601 323 1637 οὗτος
338 1605 396 1633 sibi
415 1610 621 1644 opponuntur,
637 1604 722 1634 velut
739 1605 807 1633 duae
822 1604 956 1634 diversae

244 1657 394 1686 personae.
421 1649 525 1678 IDEM.

286 1689 453 1730 ’Ύμὲτεξον]
479 1691 552 1720 Scil.
564 1689 636 1729 ἔργον
649 1690 700 1719 vel
711 1689 845 1719 καθῆκον.
876 1690 956 1719 Con-

245 1734 374 1763 structio
391 1734 455 1763 haec
471 1739 536 1763 est:
553 1731 664 1771 ἦγεῖσθε
681 1732 811 1772 ὑμέτεξῇν
825 1732 890 1762 εῖναι
908 1733 956 1773 [id

244 1780 293 1806 est
307 1777 450 1816 προσήκειν
465 1777 548 1819 ὑμῖν]
564 1776 596 1806 τὸ
618 1775 664 1806 τέν
679 1775 801 1816 aea-8125&
813 1776 954 1807 ἀπολύειν.

244 1820 349 1849 lom.

287 1861 339 1892 Τόν
362 1861 389 1891 δὲ
409 1860 573 1903 pauper—q
597 1863 708 1891 Carent
723 1861 788 1891 liaec
805 1861 956 1891 sententia

244 1915 328 1935 sana.
371 1906 450 1935 Nam
469 1906 496 1935 si
511 1910 666 1945 peremtus
683 1905 749 1943 ipsc
765 1905 814 1933 sui
829 1905 886 1934 fuit
900 1904 955 1933 ho-

244 1948 370 1983 micida,
383 1948 453 1987 qnid
471 1959 551 1988 opus
566 1953 630 1979 erat
644 1958 730 1987 spem
744 1948 904 1977 ostendere
915 1948 954 1978 de

245 2001 318 2021 vero
343 1991 496 2022 homicida
517 1992 591 2022 olim
612 1991 774 2031 aliquando
799 1990 830 2021 in
853 1991 953 2021 lucem

991 1518 1059 1547 dem
1083 1517 1162 1547 abite
1178 1519 1312 1552 domum,
1328 1522 1359 1546 et
1374 1519 1410 1546 ab
1427 1519 1519 1557 hujus
1533 1518 1578 1548 rei
1594 1528 1700 1556 perse-

991 1561 1113 1590 cutione
1127 1560 1276 1590 desistite.
1307 1561 1386 1590 Nam
1398 1560 1425 1590 is
1441 1561 1578 1600 profecto
1592 1561 1698 1592 insons

991 1608 1048 1633 est.
1093 1604 1218 1633 Salvum
1249 1604 1340 1634 vobis
1371 1614 1492 1643 semper
1519 1609 1620 1635 manet
1643 1607 1697 1644 jus

990 1651 1125 1677 vestrum
1147 1648 1279 1686 peremti
1294 1646 1477 1678 homicidam
1491 1648 1522 1677 in
1541 1649 1612 1687 jure
1626 1657 1699 1687 per-

991 1690 1151 1729 sequendi,
1166 1691 1191 1719 si
1205 1690 1324 1729 quando
1338 1700 1395 1729 per
1413 1691 1559 1731 temporis
1579 1690 1699 1730 longin-

990 1734 1136 1772 quitatem
1159 1734 1222 1769 fiat,
1238 1738 1271 1762 ut
1291 1733 1318 1763 is
1343 1733 1588 1773 deprehendatur
1607 1739 1699 1774 atque

989 1776 1169 1806 noscitetur.
1207 1776 1299 1812 Quod
1314 1776 1385 1815 quia
1398 1777 1530 1807 futurum
1547 1787 1700 1817 nunquam

990 1825 1067 1855 erat,
1091 1820 1206 1859 quippe
1236 1824 1391 1858 negatum,
1419 1820 1597 1851 tantundem
1624 1824 1702 1857 erat,

990 1867 1080 1902 atque
1108 1866 1302 1892 accusatores
1332 1863 1459 1893 honesta
1487 1863 1636 1900 oratione,
1669 1867 1702 1893 et

989 1916 1056 1936 cum
1083 1905 1219 1935 ludibrio
1249 1906 1316 1945 spei
1347 1912 1477 1946 negatae,
1505 1917 1522 1937 a
1546 1908 1614 1938 foro
1643 1916 1700 1936 suo

989 1949 1099 1980 blande
1115 1949 1268 1989 ablegare.
1292 1949 1396 1981 [ni-:M
