1818 3189
253 197 339 239 326
546 196 581 236 I.
615 196 743 237 OTT.
777 196 1056 239 SLUITERI
1091 195 1428 240 PRAEFATIO.

250 303 370 348 lebat,
390 302 515 353 iisque
545 303 629 353 ipse
659 303 697 340 iu
717 303 783 340 illo
804 304 1016 343 certamine
1036 317 1126 343 usus
1145 310 1205 342 est
1221 304 1459 343 Alcibiades.
1515 305 1561 343 Id
1577 318 1710 356 parum

251 365 403 402 diversa
431 364 583 402 ratione
605 364 831 403 Andocides
859 379 899 416 p.
931 370 994 404 32.
1016 380 1051 404 v.
1082 370 1148 407 27.
1171 366 1235 404 ed.
1264 366 1399 416 steph.
1419 367 1651 405 Plutarchus
1669 380 1711 418 p.

251 430 343 464 196.
361 436 400 464 C.
418 432 456 464 et
473 437 516 464 D.
535 426 731 464 memoriae
752 427 1025 478 prodiderunt.
1085 428 1242 471 Quanto
1262 434 1388 466 autem
1418 429 1479 466 vel
1509 428 1549 466 in
1565 429 1710 467 honore

251 487 312 525 vel
325 487 452 525 timori
466 487 582 527 fuerit
597 488 713 527 sociis
729 488 966 537 civitatibus,
981 490 1106 540 liquet
1118 503 1163 528 ex
1177 490 1300 537 donis,
1317 503 1404 541 quae
1418 491 1492 541 ipsi
1503 490 1589 528 Elin
1604 491 1711 528 eunti

250 550 515 600 praebuerunt,
535 564 622 602 quae
635 550 772 589 eadem
790 558 992 590 recensent
1008 551 1230 590 Andocides
1244 565 1283 602 p.
1300 556 1365 590 33.
1385 566 1422 590 v.
1438 557 1477 590 8.
1494 553 1557 590 ed.
1574 552 1709 602 Steph.

251 611 483 650 Plutarchus
503 625 545 662 p.
569 617 660 651 196.
683 624 721 651 c.
775 613 872 652 Haec
895 614 962 664 qui
982 613 1124 661 videat,
1145 619 1183 651 et
1204 615 1410 653 Oratorem
1430 627 1519 652 cum
1549 613 1709 663 Biogra·

250 673 332 723 pho
348 680 560 724 comparet,
591 675 652 712 vel
681 675 861 726 opinetur
889 689 1046 714 necesse
1066 681 1141 722 est,
1162 676 1301 715 lectam
1323 690 1346 715 a
1364 676 1573 714 Plutarcho
1593 675 1709 714 fuisse

251 735 469 774 Andocidis
490 736 729 783 Orationem,
751 737 825 784 vel,
846 738 877 775 si
897 738 937 776 id
957 739 1080 777 minus
1105 738 1258 789 probet,
1280 739 1318 776 in
1337 753 1421 777 eam
1440 738 1588 777 incidat
1601 737 1709 789 cogi-

253 796 452 843 tationem,
470 797 534 836 hic
555 798 647 836 item
662 798 846 837 Rhetoris
866 799 1041 839 fraudem
1062 801 1194 847 latere,
1216 800 1281 852 qui
1302 814 1372 840 sua
1391 815 1438 840 ex
1456 800 1607 848 eodem,
1630 812 1709 850 quo

253 859 497 910 Plutarchus,
517 861 657 900 horreo
678 861 974 912 deprompserit.
