<?xml version="1.0" encoding="UTF-8"?>
<!DOCTYPE html PUBLIC "-//W3C//DTD XHTML 1.0 Transitional//EN"
    "http://www.w3.org/TR/xhtml1/DTD/xhtml1-transitional.dtd">
<html xmlns="http://www.w3.org/1999/xhtml" xml:lang="en" lang="en">
 <head>
  <title>
</title>
<meta http-equiv="Content-Type" content="text/html;charset=utf-8" />
  <meta name='ocr-system' content='tesseract 3.04.00' />
  <meta name='ocr-capabilities' content='ocr_page ocr_carea ocr_par ocr_line ocrx_word'/>
</head>
<body>
  <div class='ocr_page' id='page_1' title='image "./oratoresatticie01dobs_0216.png"; bbox 0 0 1818 3189; ppageno 0'>
   <div class='ocr_carea' id='block_1_1' title="bbox 308 161 1006 211">
    <p class='ocr_par' dir='ltr' id='par_1_1' title="bbox 308 161 1006 211">
     <span class='ocr_line' id='line_1_1' title="bbox 308 161 1006 211; baseline 0.006 -5"><span class='ocrx_word' id='word_1_1' title='bbox 308 161 388 207; x_wconf 82' lang='lat'>144</span> <span class='ocrx_word' id='word_1_2' title='bbox 662 167 1006 211; x_wconf 82' lang='lat' dir='ltr'><strong>VARIANTES</strong></span> 
     </span>
    </p>
   </div>
   <div class='ocr_carea' id='block_1_2' title="bbox 563 326 739 356">
    <p class='ocr_par' dir='ltr' id='par_1_2' title="bbox 563 326 739 356">
     <span class='ocr_line' id='line_1_2' title="bbox 563 326 739 356; baseline 0.006 -1"><span class='ocrx_word' id='word_1_3' title='bbox 563 326 587 355; x_wconf 71' lang='grc' dir='ltr'>δ.</span> <span class='ocrx_word' id='word_1_4' title='bbox 612 330 739 356; x_wconf 87' lang='grc' dir='ltr'><strong>ΛΟΓΟΣ.</strong></span> 
     </span>
    </p>
   </div>
   <div class='ocr_carea' id='block_1_3' title="bbox 288 399 1006 913">
    <p class='ocr_par' dir='ltr' id='par_1_3' title="bbox 290 399 1003 651">
     <span class='ocr_line' id='line_1_3' title="bbox 334 399 1003 441; baseline 0.007 -12"><span class='ocrx_word' id='word_1_5' title='bbox 334 410 366 438; x_wconf 91' lang='lat' dir='ltr'>p.</span> <span class='ocrx_word' id='word_1_6' title='bbox 384 402 437 430; x_wconf 90' lang='lat'>80.</span> <span class='ocrx_word' id='word_1_7' title='bbox 454 403 484 430; x_wconf 82' lang='grc'>2.</span> <span class='ocrx_word' id='word_1_8' title='bbox 507 399 667 441; x_wconf 73' lang='grc' dir='ltr'>ὑπεξέστη]</span> <span class='ocrx_word' id='word_1_9' title='bbox 683 401 842 434; x_wconf 82' lang='grc' dir='ltr'>ὑπαπέστη</span> <span class='ocrx_word' id='word_1_10' title='bbox 859 403 898 433; x_wconf 86' lang='grc' dir='ltr'>Β.</span> <span class='ocrx_word' id='word_1_11' title='bbox 918 405 1003 434; x_wconf 81' lang='grc' dir='ltr'>ὑπαν-</span> 
     </span>
     <span class='ocr_line' id='line_1_4' title="bbox 291 440 1002 487; baseline 0.01 -17"><span class='ocrx_word' id='word_1_12' title='bbox 291 440 362 473; x_wconf 79' lang='grc' dir='ltr'>έστη</span> <span class='ocrx_word' id='word_1_13' title='bbox 380 444 426 472; x_wconf 97' lang='grc' dir='ltr'>Μ.</span> <span class='ocrx_word' id='word_1_14' title='bbox 464 446 495 473; x_wconf 83' lang='lat'>4.</span> <span class='ocrx_word' id='word_1_15' title='bbox 511 443 595 476; x_wconf 75' lang='grc' dir='ltr'>αὐτὸς</span> <span class='ocrx_word' id='word_1_16' title='bbox 619 443 704 486; x_wconf 80' lang='grc' dir='ltr'>ὑπὲρ]</span> <span class='ocrx_word' id='word_1_17' title='bbox 729 444 813 480; x_wconf 76' lang='grc' dir='ltr'>αὐτὸς</span> <span class='ocrx_word' id='word_1_18' title='bbox 835 445 867 475; x_wconf 80' lang='grc' dir='ltr'>ἲιν</span> <span class='ocrx_word' id='word_1_19' title='bbox 881 446 950 487; x_wconf 79' lang='grc' dir='ltr'>ὑπὲρ</span> <span class='ocrx_word' id='word_1_20' title='bbox 966 449 1002 477; x_wconf 83' lang='grc' dir='ltr'>Β.</span> 
     </span>
     <span class='ocr_line' id='line_1_5' title="bbox 292 484 1001 529; baseline 0.01 -16"><span class='ocrx_word' id='word_1_21' title='bbox 292 486 373 514; x_wconf 90' lang='lat' dir='ltr'><strong>lbid.</strong></span> <span class='ocrx_word' id='word_1_22' title='bbox 392 484 470 526; x_wconf 79' lang='grc' dir='ltr'>ἐπεὶ]</span> <span class='ocrx_word' id='word_1_23' title='bbox 499 484 546 516; x_wconf 79' lang='grc' dir='ltr'>ἐπὶ</span> <span class='ocrx_word' id='word_1_24' title='bbox 570 487 615 516; x_wconf 89' lang='grc' dir='ltr'>Μ.</span> <span class='ocrx_word' id='word_1_25' title='bbox 646 497 715 526; x_wconf 85' lang='lat' dir='ltr'><strong>pen.</strong></span> <span class='ocrx_word' id='word_1_26' title='bbox 732 489 944 529; x_wconf 63' lang='grc' dir='ltr'>ιἀκινδυνότερον</span> <span class='ocrx_word' id='word_1_27' title='bbox 966 501 1001 520; x_wconf 85' lang='lat' dir='ltr'>an</span> 
     </span>
     <span class='ocr_line' id='line_1_6' title="bbox 290 527 1003 571; baseline 0.008 -16"><span class='ocrx_word' id='word_1_28' title='bbox 290 527 502 568; x_wconf 77' lang='grc' dir='ltr'>ἆκινδυνότερα,’</span> <span class='ocrx_word' id='word_1_29' title='bbox 518 528 635 569; x_wconf 78' lang='lat' dir='ltr'><strong>(inquit</strong></span> <span class='ocrx_word' id='word_1_30' title='bbox 661 530 841 571; x_wconf 83' lang='lat' dir='ltr'>Bekkerus)</span> <span class='ocrx_word' id='word_1_31' title='bbox 869 537 878 550; x_wconf 85' lang='lat'><em>‘</em></span> <span class='ocrx_word' id='word_1_32' title='bbox 890 534 925 563; x_wconf 90' lang='lat' dir='ltr'>B.</span> <span class='ocrx_word' id='word_1_33' title='bbox 951 534 1003 562; x_wconf 86' lang='lat' dir='ltr'>ha-</span> 
     </span>
     <span class='ocr_line' id='line_1_7' title="bbox 293 570 1002 615; baseline 0.01 -17"><span class='ocrx_word' id='word_1_34' title='bbox 293 570 361 599; x_wconf 82' lang='lat' dir='ltr'><strong>beat</strong></span> <span class='ocrx_word' id='word_1_35' title='bbox 373 581 430 600; x_wconf 86' lang='lat' dir='ltr'>non</span> <span class='ocrx_word' id='word_1_36' title='bbox 446 571 566 610; x_wconf 61' lang='lat' dir='ltr'>liquet!</span> <span class='ocrx_word' id='word_1_37' title='bbox 579 572 775 615; x_wconf 76' lang='grc' dir='ltr'>ἀκινδυνότερον</span> <span class='ocrx_word' id='word_1_38' title='bbox 789 585 887 605; x_wconf 86' lang='lat' dir='ltr'>meum</span> <span class='ocrx_word' id='word_1_39' title='bbox 903 577 1002 615; x_wconf 84' lang='lat' dir='ltr'>qualis</span> 
     </span>
     <span class='ocr_line' id='line_1_8' title="bbox 291 613 732 651; baseline 0.011 -10"><span class='ocrx_word' id='word_1_40' title='bbox 291 613 390 651; x_wconf 78' lang='lat' dir='ltr'><strong>qualis</strong></span> <span class='ocrx_word' id='word_1_41' title='bbox 409 613 447 643; x_wconf 80' lang='lat' dir='ltr'>sit</span> <span class='ocrx_word' id='word_1_42' title='bbox 461 614 598 645; x_wconf 73' lang='lat' dir='ltr'><strong>calculus</strong></span> <span class='ocrx_word' id='word_1_43' title='bbox 615 616 732 646; x_wconf 82' lang='lat' dir='ltr'><strong>habeat.</strong></span> 
     </span>
    </p>

    <p class='ocr_par' dir='ltr' id='par_1_4' title="bbox 290 656 1003 741">
     <span class='ocr_line' id='line_1_9' title="bbox 334 656 1003 699; baseline 0.009 -14"><span class='ocrx_word' id='word_1_44' title='bbox 334 666 364 694; x_wconf 87' lang='lat' dir='ltr'>p.</span> <span class='ocrx_word' id='word_1_45' title='bbox 379 658 430 686; x_wconf 89' lang='lat'>81.</span> <span class='ocrx_word' id='word_1_46' title='bbox 442 659 472 687; x_wconf 86' lang='lat'>6.</span> <span class='ocrx_word' id='word_1_47' title='bbox 485 656 531 687; x_wconf 75' lang='grc' dir='ltr'>τὸν</span> <span class='ocrx_word' id='word_1_48' title='bbox 545 656 613 699; x_wconf 86' lang='grc' dir='ltr'>νέον]</span> <span class='ocrx_word' id='word_1_49' title='bbox 628 661 683 689; x_wconf 80' lang='grc' dir='ltr'>τῶν</span> <span class='ocrx_word' id='word_1_50' title='bbox 694 658 755 689; x_wconf 84' lang='grc' dir='ltr'>νέων</span> <span class='ocrx_word' id='word_1_51' title='bbox 769 670 815 699; x_wconf 87' lang='lat' dir='ltr'>pr.</span> <span class='ocrx_word' id='word_1_52' title='bbox 833 661 869 690; x_wconf 92' lang='grc' dir='ltr'>Β.</span> <span class='ocrx_word' id='word_1_53' title='bbox 886 660 932 691; x_wconf 81' lang='grc' dir='ltr'>τδν</span> <span class='ocrx_word' id='word_1_54' title='bbox 943 660 1003 691; x_wconf 80' lang='grc' dir='ltr'>νέων</span> 
     </span>
     <span class='ocr_line' id='line_1_10' title="bbox 290 698 774 741; baseline 0.012 -15"><span class='ocrx_word' id='word_1_55' title='bbox 290 708 336 737; x_wconf 84' lang='lat' dir='ltr'>pr.</span> <span class='ocrx_word' id='word_1_56' title='bbox 354 699 398 728; x_wconf 90' lang='lat' dir='ltr'>M.</span> <span class='ocrx_word' id='word_1_57' title='bbox 417 701 446 730; x_wconf 89' lang='grc'>9.</span> <span class='ocrx_word' id='word_1_58' title='bbox 462 698 583 741; x_wconf 87' lang='grc' dir='ltr'>γίνεται]</span> <span class='ocrx_word' id='word_1_59' title='bbox 600 699 721 739; x_wconf 86' lang='grc' dir='ltr'>γίνονται</span> <span class='ocrx_word' id='word_1_60' title='bbox 735 703 774 732; x_wconf 89' lang='grc' dir='ltr'>Β.</span> 
     </span>
    </p>

    <p class='ocr_par' dir='ltr' id='par_1_5' title="bbox 288 741 1006 913">
     <span class='ocr_line' id='line_1_11' title="bbox 332 741 1001 787; baseline 0.009 -16"><span class='ocrx_word' id='word_1_61' title='bbox 332 751 364 779; x_wconf 88' lang='lat' dir='ltr'>p.</span> <span class='ocrx_word' id='word_1_62' title='bbox 380 744 431 772; x_wconf 78' lang='grc'>82.</span> <span class='ocrx_word' id='word_1_63' title='bbox 447 744 477 772; x_wconf 88' lang='grc'>5.</span> <span class='ocrx_word' id='word_1_64' title='bbox 493 741 551 784; x_wconf 72' lang='grc' dir='ltr'>δ’δε]</span> <span class='ocrx_word' id='word_1_65' title='bbox 563 743 621 781; x_wconf 73' lang='grc' dir='ltr'>δ’γε</span> <span class='ocrx_word' id='word_1_66' title='bbox 639 746 674 774; x_wconf 97' lang='grc' dir='ltr'>Β.</span> <span class='ocrx_word' id='word_1_67' title='bbox 687 744 730 774; x_wconf 76' lang='grc' dir='ltr'>δ’δε</span> <span class='ocrx_word' id='word_1_68' title='bbox 743 745 840 774; x_wconf 83' lang='lat' dir='ltr'><strong>Bekk.</strong></span> <span class='ocrx_word' id='word_1_69' title='bbox 864 749 896 776; x_wconf 87' lang='grc'>6.</span> <span class='ocrx_word' id='word_1_70' title='bbox 909 745 1001 787; x_wconf 64' lang='grc' dir='ltr'>ὑπὲρ]</span> 
     </span>
     <span class='ocr_line' id='line_1_12' title="bbox 290 783 1003 829; baseline 0.01 -17"><span class='ocrx_word' id='word_1_71' title='bbox 290 783 344 812; x_wconf 74' lang='grc' dir='ltr'>ὑπὸ</span> <span class='ocrx_word' id='word_1_72' title='bbox 358 794 406 822; x_wconf 82' lang='lat' dir='ltr'>pr.</span> <span class='ocrx_word' id='word_1_73' title='bbox 424 785 462 814; x_wconf 93' lang='lat' dir='ltr'>B.</span> <span class='ocrx_word' id='word_1_74' title='bbox 497 788 547 816; x_wconf 88' lang='lat'>13.</span> <span class='ocrx_word' id='word_1_75' title='bbox 564 789 625 821; x_wconf 72' lang='grc' dir='ltr'>πῶς</span> <span class='ocrx_word' id='word_1_76' title='bbox 643 786 865 829; x_wconf 60' lang='grc' dir='ltr'>ἐπεβούλευσεν]</span> <span class='ocrx_word' id='word_1_77' title='bbox 889 791 950 823; x_wconf 79' lang='grc' dir='ltr'>πῶς</span> <span class='ocrx_word' id='word_1_78' title='bbox 971 790 1003 819; x_wconf 73' lang='grc' dir='ltr'>ἂν</span> 
     </span>
     <span class='ocr_line' id='line_1_13' title="bbox 288 825 1003 871; baseline 0.01 -16"><span class='ocrx_word' id='word_1_79' title='bbox 288 825 487 859; x_wconf 73' lang='grc' dir='ltr'>ἐπεβούλευσεν</span> <span class='ocrx_word' id='word_1_80' title='bbox 513 829 546 858; x_wconf 90' lang='grc' dir='ltr'>Β.</span> <span class='ocrx_word' id='word_1_81' title='bbox 576 832 626 859; x_wconf 87' lang='grc'>18.</span> <span class='ocrx_word' id='word_1_82' title='bbox 642 829 821 871; x_wconf 79' lang='grc' dir='ltr'>δικαιότερος]</span> <span class='ocrx_word' id='word_1_83' title='bbox 845 830 948 866; x_wconf 79' lang='grc' dir='ltr'>δίκαιος</span> <span class='ocrx_word' id='word_1_84' title='bbox 963 833 1003 862; x_wconf 89' lang='grc' dir='ltr'><strong>Β.</strong></span> 
     </span>
     <span class='ocr_line' id='line_1_14' title="bbox 292 867 1006 913; baseline 0.008 -15"><span class='ocrx_word' id='word_1_85' title='bbox 292 870 341 899; x_wconf 83' lang='grc'>19.</span> <span class='ocrx_word' id='word_1_86' title='bbox 359 867 491 910; x_wconf 74' lang='grc' dir='ltr'>κρείσσων</span> <span class='ocrx_word' id='word_1_87' title='bbox 505 870 555 912; x_wconf 78' lang='grc' dir='ltr'>ὢν]</span> <span class='ocrx_word' id='word_1_88' title='bbox 574 873 700 912; x_wconf 78' lang='grc' dir='ltr'>κρεῖσσον</span> <span class='ocrx_word' id='word_1_89' title='bbox 715 873 749 902; x_wconf 67' lang='grc' dir='ltr'>ἂν</span> <span class='ocrx_word' id='word_1_90' title='bbox 765 884 810 912; x_wconf 87' lang='lat' dir='ltr'>pr.</span> <span class='ocrx_word' id='word_1_91' title='bbox 827 875 864 904; x_wconf 86' lang='grc' dir='ltr'>Β.</span> <span class='ocrx_word' id='word_1_92' title='bbox 882 874 1006 913; x_wconf 86' lang='grc' dir='ltr'>κρεισσό-</span> 
     </span>
    </p>
   </div>
   <div class='ocr_carea' id='block_1_4' title="bbox 1041 168 1398 214">
    <p class='ocr_par' dir='ltr' id='par_1_6' title="bbox 1041 168 1398 214">
     <span class='ocr_line' id='line_1_15' title="bbox 1041 168 1398 214; baseline 0.014 -5"><span class='ocrx_word' id='word_1_93' title='bbox 1041 168 1398 214; x_wconf 74' lang='lat' dir='ltr'><strong>LECTIONES.</strong></span> 
     </span>
    </p>
   </div>
   <div class='ocr_carea' id='block_1_5' title="bbox 1034 276 1775 918">
    <p class='ocr_par' dir='ltr' id='par_1_7' title="bbox 1036 276 1745 349">
     <span class='ocr_line' id='line_1_16' title="bbox 1036 276 1745 348; baseline 0.011 -43"><span class='ocrx_word' id='word_1_94' title='bbox 1036 276 1202 348; x_wconf 49' lang='grc' dir='ltr'><strong>νωςιίῗεῙςΙι.</strong></span> <span class='ocrx_word' id='word_1_95' title='bbox 1225 278 1306 308; x_wconf 77' lang='lat' dir='ltr'><strong>lbid.</strong></span> <span class='ocrx_word' id='word_1_96' title='bbox 1321 278 1528 321; x_wconf 72' lang='grc' dir='ltr'>ὑποδεέστερος]</span> <span class='ocrx_word' id='word_1_97' title='bbox 1545 281 1745 324; x_wconf 69' lang='grc' dir='ltr'>ὑποδεεστέροις</span> 
     </span>
     <span class='ocr_line' id='line_1_17' title="bbox 1040 320 1695 349; baseline 0.009 -1"><span class='ocrx_word' id='word_1_98' title='bbox 1040 320 1083 348; x_wconf 80' lang='lat' dir='ltr'>Be</span> <span class='ocrx_word' id='word_1_99' title='bbox 1131 341 1139 349; x_wconf 91' lang='lat'>.</span> <span class='ocrx_word' id='word_1_100' title='bbox 1692 329 1695 332; x_wconf 87' lang='lat'>&#39;</span> 
     </span>
    </p>

    <p class='ocr_par' dir='ltr' id='par_1_8' title="bbox 1034 363 1775 693">
     <span class='ocr_line' id='line_1_18' title="bbox 1080 363 1744 408; baseline 0.009 -16"><span class='ocrx_word' id='word_1_101' title='bbox 1080 373 1111 401; x_wconf 88' lang='lat' dir='ltr'>p.</span> <span class='ocrx_word' id='word_1_102' title='bbox 1124 365 1176 393; x_wconf 84' lang='lat'>83.</span> <span class='ocrx_word' id='word_1_103' title='bbox 1189 366 1218 393; x_wconf 87' lang='lat'>5.</span> <span class='ocrx_word' id='word_1_104' title='bbox 1229 363 1343 404; x_wconf 74' lang='grc' dir='ltr'>μὲνγὰρ</span> <span class='ocrx_word' id='word_1_105' title='bbox 1357 364 1435 405; x_wconf 56' lang='grc' dir='ltr'>ἀρξ]</span> <span class='ocrx_word' id='word_1_106' title='bbox 1451 364 1506 403; x_wconf 83' lang='grc' dir='ltr'>μὲν</span> <span class='ocrx_word' id='word_1_107' title='bbox 1518 364 1580 404; x_wconf 76' lang='grc' dir='ltr'><strong>ἄρξ.</strong></span> <span class='ocrx_word' id='word_1_108' title='bbox 1590 367 1634 396; x_wconf 89' lang='grc' dir='ltr'><strong>Μ.</strong></span> <span class='ocrx_word' id='word_1_109' title='bbox 1661 369 1692 397; x_wconf 83' lang='grc'>7.</span> <span class='ocrx_word' id='word_1_110' title='bbox 1701 370 1744 408; x_wconf 70' lang='grc' dir='ltr'>μὴ</span> 
     </span>
     <span class='ocr_line' id='line_1_19' title="bbox 1036 403 1747 446; baseline 0.011 -14"><span class='ocrx_word' id='word_1_111' title='bbox 1036 403 1144 439; x_wconf 76' lang='grc' dir='ltr'>δικαίως</span> <span class='ocrx_word' id='word_1_112' title='bbox 1158 407 1194 436; x_wconf 86' lang='grc' dir='ltr'>Β.</span> <span class='ocrx_word' id='word_1_113' title='bbox 1209 407 1250 435; x_wconf 90' lang='grc' dir='ltr'>Μ.</span> <span class='ocrx_word' id='word_1_114' title='bbox 1265 406 1334 436; x_wconf 76' lang='lat' dir='ltr'><strong>Ald.</strong></span> <span class='ocrx_word' id='word_1_115' title='bbox 1348 408 1453 446; x_wconf 78' lang='lat' dir='ltr'><strong>Steph.</strong></span> <span class='ocrx_word' id='word_1_116' title='bbox 1488 411 1518 439; x_wconf 91' lang='grc'>8.</span> <span class='ocrx_word' id='word_1_117' title='bbox 1529 407 1628 443; x_wconf 78' lang='grc' dir='ltr'>ἀδίκως</span> <span class='ocrx_word' id='word_1_118' title='bbox 1641 410 1747 440; x_wconf 77' lang='grc' dir='ltr'>ἀποκέ-</span> 
     </span>
     <span class='ocr_line' id='line_1_20' title="bbox 1035 446 1747 491; baseline 0.008 -15"><span class='ocrx_word' id='word_1_119' title='bbox 1035 447 1144 487; x_wconf 85' lang='grc' dir='ltr'>κριται]</span> <span class='ocrx_word' id='word_1_120' title='bbox 1160 446 1260 482; x_wconf 78' lang='grc' dir='ltr'>ἀδίκως</span> <span class='ocrx_word' id='word_1_121' title='bbox 1275 449 1445 481; x_wconf 75' lang='grc' dir='ltr'>ἀποκτείνειν</span> <span class='ocrx_word' id='word_1_122' title='bbox 1460 450 1642 491; x_wconf 81' lang='grc' dir='ltr'>ἀποκέκριται</span> <span class='ocrx_word' id='word_1_123' title='bbox 1652 454 1689 482; x_wconf 92' lang='grc' dir='ltr'>Β.</span> <span class='ocrx_word' id='word_1_124' title='bbox 1701 453 1747 482; x_wconf 92' lang='grc' dir='ltr'>Μ.</span> 
     </span>
     <span class='ocr_line' id='line_1_21' title="bbox 1037 490 1775 534; baseline 0.007 -14"><span class='ocrx_word' id='word_1_125' title='bbox 1037 492 1088 520; x_wconf 79' lang='lat'>14.</span> <span class='ocrx_word' id='word_1_126' title='bbox 1112 490 1198 532; x_wconf 75' lang='grc' dir='ltr'>οὐδὲν]</span> <span class='ocrx_word' id='word_1_127' title='bbox 1215 492 1296 522; x_wconf 76' lang='grc' dir='ltr'>οὐδενὶ</span> <span class='ocrx_word' id='word_1_128' title='bbox 1316 493 1354 522; x_wconf 91' lang='grc' dir='ltr'>Β.</span> <span class='ocrx_word' id='word_1_129' title='bbox 1394 495 1446 523; x_wconf 90' lang='grc'>18.</span> <span class='ocrx_word' id='word_1_130' title='bbox 1468 493 1574 534; x_wconf 76' lang='grc' dir='ltr'>αὐτῶν]</span> <span class='ocrx_word' id='word_1_131' title='bbox 1602 493 1692 524; x_wconf 72' lang='grc' dir='ltr'>αὐτὸν</span> <span class='ocrx_word' id='word_1_132' title='bbox 1706 496 1747 526; x_wconf 88' lang='grc' dir='ltr'>Β.</span> <span class='ocrx_word' id='word_1_133' title='bbox 1772 497 1775 500; x_wconf 79' lang='grc'><strong>’</strong></span> 
     </span>
     <span class='ocr_line' id='line_1_22' title="bbox 1036 531 1744 579; baseline 0.007 -17"><span class='ocrx_word' id='word_1_134' title='bbox 1036 533 1081 562; x_wconf 93' lang='grc' dir='ltr'>Μ.</span> <span class='ocrx_word' id='word_1_135' title='bbox 1130 533 1209 564; x_wconf 85' lang='lat' dir='ltr'><strong>lbid.</strong></span> <span class='ocrx_word' id='word_1_136' title='bbox 1233 531 1313 567; x_wconf 73' lang='grc' dir='ltr'>οὗτος</span> <span class='ocrx_word' id='word_1_137' title='bbox 1338 545 1385 574; x_wconf 83' lang='lat' dir='ltr'>pr.</span> <span class='ocrx_word' id='word_1_138' title='bbox 1401 537 1440 565; x_wconf 91' lang='lat' dir='ltr'>B.</span> <span class='ocrx_word' id='word_1_139' title='bbox 1474 538 1524 566; x_wconf 82' lang='lat'>19.</span> <span class='ocrx_word' id='word_1_140' title='bbox 1547 537 1662 576; x_wconf 67' lang='grc' dir='ltr'>μᾶλλον</span> <span class='ocrx_word' id='word_1_141' title='bbox 1679 535 1712 579; x_wconf 79' lang='grc' dir='ltr'>··Ι</span> <span class='ocrx_word' id='word_1_142' title='bbox 1729 537 1744 568; x_wconf 77' lang='grc' dir='ltr'>ἢ</span> 
     </span>
     <span class='ocr_line' id='line_1_23' title="bbox 1034 575 1748 617; baseline 0.007 -12"><span class='ocrx_word' id='word_1_143' title='bbox 1034 575 1242 616; x_wconf 65' lang='grc' dir='ltr'>καταλήψιμον</span> <span class='ocrx_word' id='word_1_144' title='bbox 1254 576 1285 607; x_wconf 83' lang='grc' dir='ltr'>ἐκ</span> <span class='ocrx_word' id='word_1_145' title='bbox 1300 579 1355 607; x_wconf 82' lang='grc' dir='ltr'>τῶν</span> <span class='ocrx_word' id='word_1_146' title='bbox 1366 577 1519 617; x_wconf 81' lang='grc' dir='ltr'>λεγομένων</span> <span class='ocrx_word' id='word_1_147' title='bbox 1527 579 1654 617; x_wconf 74' lang='grc' dir='ltr'>γινώσκει</span> <span class='ocrx_word' id='word_1_148' title='bbox 1665 579 1748 610; x_wconf 76' lang='grc' dir='ltr'>αὐτὸν</span> 
     </span>
     <span class='ocr_line' id='line_1_24' title="bbox 1034 616 1745 664; baseline 0.007 -17"><span class='ocrx_word' id='word_1_149' title='bbox 1034 616 1099 647; x_wconf 71' lang='grc' dir='ltr'>ὄντα</span> <span class='ocrx_word' id='word_1_150' title='bbox 1110 620 1128 660; x_wconf 75' lang='grc' dir='ltr'>Ὶ</span> <span class='ocrx_word' id='word_1_151' title='bbox 1136 629 1144 638; x_wconf 87' lang='lat'><strong>·</strong></span> <span class='ocrx_word' id='word_1_152' title='bbox 1155 619 1169 650; x_wconf 76' lang='grc' dir='ltr'>ἢ</span> <span class='ocrx_word' id='word_1_153' title='bbox 1184 620 1422 658; x_wconf 71' lang='grc' dir='ltr'>καταλαμβάνειν</span> <span class='ocrx_word' id='word_1_154' title='bbox 1432 622 1469 651; x_wconf 91' lang='grc' dir='ltr'>Β.</span> <span class='ocrx_word' id='word_1_155' title='bbox 1503 632 1571 662; x_wconf 88' lang='lat' dir='ltr'><strong>pen.</strong></span> <span class='ocrx_word' id='word_1_156' title='bbox 1582 622 1685 652; x_wconf 77' lang='grc' dir='ltr'>οὑτωσὶ</span> <span class='ocrx_word' id='word_1_157' title='bbox 1699 621 1745 664; x_wconf 76' lang='grc' dir='ltr'>ἔκ]</span> 
     </span>
     <span class='ocr_line' id='line_1_25' title="bbox 1035 661 1342 693; baseline 0.007 -3"><span class='ocrx_word' id='word_1_158' title='bbox 1035 661 1139 691; x_wconf 81' lang='grc' dir='ltr'>οὑτωσὶ</span> <span class='ocrx_word' id='word_1_159' title='bbox 1152 661 1180 692; x_wconf 73' lang='grc' dir='ltr'>δὲ</span> <span class='ocrx_word' id='word_1_160' title='bbox 1193 661 1224 692; x_wconf 73' lang='grc' dir='ltr'>ἐκ</span> <span class='ocrx_word' id='word_1_161' title='bbox 1240 663 1280 692; x_wconf 91' lang='grc' dir='ltr'>Β.</span> <span class='ocrx_word' id='word_1_162' title='bbox 1295 663 1342 693; x_wconf 91' lang='grc' dir='ltr'>Μ.</span> 
     </span>
    </p>

    <p class='ocr_par' dir='ltr' id='par_1_9' title="bbox 1035 705 1747 918">
     <span class='ocr_line' id='line_1_26' title="bbox 1077 705 1747 747; baseline 0.006 -14"><span class='ocrx_word' id='word_1_163' title='bbox 1077 714 1108 743; x_wconf 84' lang='grc' dir='ltr'>ρ.</span> <span class='ocrx_word' id='word_1_164' title='bbox 1127 706 1179 735; x_wconf 83' lang='grc'>84.</span> <span class='ocrx_word' id='word_1_165' title='bbox 1201 709 1230 735; x_wconf 93' lang='grc'>1.</span> <span class='ocrx_word' id='word_1_166' title='bbox 1257 705 1505 747; x_wconf 63' lang='grc' dir='ltr'>ἀποσκήπτομεν]</span> <span class='ocrx_word' id='word_1_167' title='bbox 1529 705 1747 747; x_wconf 68' lang='grc' dir='ltr'>ἐπισκήπτομεν</span> 
     </span>
     <span class='ocr_line' id='line_1_27' title="bbox 1036 746 1746 790; baseline 0.006 -14"><span class='ocrx_word' id='word_1_168' title='bbox 1036 746 1075 777; x_wconf 88' lang='grc' dir='ltr'>Β.</span> <span class='ocrx_word' id='word_1_169' title='bbox 1094 747 1139 776; x_wconf 95' lang='grc' dir='ltr'>Μ.</span> <span class='ocrx_word' id='word_1_170' title='bbox 1174 750 1203 777; x_wconf 83' lang='grc'>2.</span> <span class='ocrx_word' id='word_1_171' title='bbox 1220 747 1311 788; x_wconf 78' lang='grc' dir='ltr'>ζητεῖν</span> <span class='ocrx_word' id='word_1_172' title='bbox 1328 759 1387 778; x_wconf 89' lang='lat' dir='ltr'>om.</span> <span class='ocrx_word' id='word_1_173' title='bbox 1406 759 1452 788; x_wconf 84' lang='lat' dir='ltr'>pr.</span> <span class='ocrx_word' id='word_1_174' title='bbox 1473 750 1512 779; x_wconf 91' lang='grc' dir='ltr'>Β.</span> <span class='ocrx_word' id='word_1_175' title='bbox 1548 752 1579 779; x_wconf 87' lang='grc'>3.</span> <span class='ocrx_word' id='word_1_176' title='bbox 1599 748 1746 790; x_wconf 89' lang='grc' dir='ltr'>θανόντος]</span> 
     </span>
     <span class='ocr_line' id='line_1_28' title="bbox 1035 787 1747 833; baseline 0.006 -14"><span class='ocrx_word' id='word_1_177' title='bbox 1035 787 1215 824; x_wconf 81' lang='grc' dir='ltr'>ἀποθανόντος</span> <span class='ocrx_word' id='word_1_178' title='bbox 1226 792 1261 820; x_wconf 88' lang='grc' dir='ltr'>Β.</span> <span class='ocrx_word' id='word_1_179' title='bbox 1291 791 1373 821; x_wconf 85' lang='lat' dir='ltr'><strong>lbid.</strong></span> <span class='ocrx_word' id='word_1_180' title='bbox 1386 791 1600 832; x_wconf 76' lang='grc' dir='ltr'>προστρόπαιον]</span> <span class='ocrx_word' id='word_1_181' title='bbox 1612 793 1747 833; x_wconf 86' lang='grc' dir='ltr'>προστρό-</span> 
     </span>
     <span class='ocr_line' id='line_1_29' title="bbox 1035 832 1745 875; baseline 0.004 -12"><span class='ocrx_word' id='word_1_182' title='bbox 1035 843 1118 867; x_wconf 84' lang='grc' dir='ltr'>παιος</span> <span class='ocrx_word' id='word_1_183' title='bbox 1133 833 1176 863; x_wconf 91' lang='grc' dir='ltr'>Μ.</span> <span class='ocrx_word' id='word_1_184' title='bbox 1208 837 1238 865; x_wconf 87' lang='grc'>5.</span> <span class='ocrx_word' id='word_1_185' title='bbox 1252 832 1413 875; x_wconf 80' lang='grc' dir='ltr'>ἀλιτηρίων]</span> <span class='ocrx_word' id='word_1_186' title='bbox 1429 833 1576 875; x_wconf 73' lang='grc' dir='ltr'>ἀλιτηρίων</span> <span class='ocrx_word' id='word_1_187' title='bbox 1587 845 1633 874; x_wconf 82' lang='lat' dir='ltr'>pr.</span> <span class='ocrx_word' id='word_1_188' title='bbox 1643 836 1682 866; x_wconf 88' lang='lat' dir='ltr'>B.</span> <span class='ocrx_word' id='word_1_189' title='bbox 1700 837 1745 866; x_wconf 87' lang='lat' dir='ltr'>M.</span> 
     </span>
     <span class='ocr_line' id='line_1_30' title="bbox 1039 875 1585 918; baseline 0.004 -12"><span class='ocrx_word' id='word_1_190' title='bbox 1039 875 1110 906; x_wconf 68' lang='lat' dir='ltr'><strong>And.</strong></span> <span class='ocrx_word' id='word_1_191' title='bbox 1145 877 1176 906; x_wconf 90' lang='lat'>6.</span> <span class='ocrx_word' id='word_1_192' title='bbox 1191 876 1326 918; x_wconf 72' lang='grc' dir='ltr'>ἦγεῖσθε]</span> <span class='ocrx_word' id='word_1_193' title='bbox 1340 875 1466 915; x_wconf 74' lang='grc' dir='ltr'>ἡγεῖσθαι</span> <span class='ocrx_word' id='word_1_194' title='bbox 1481 887 1528 916; x_wconf 81' lang='lat' dir='ltr'>pr.</span> <span class='ocrx_word' id='word_1_195' title='bbox 1545 878 1585 908; x_wconf 90' lang='lat' dir='ltr'>B.</span> 
     </span>
    </p>
   </div>
   <div class='ocr_carea' id='block_1_6' title="bbox 575 995 1414 1036">
    <p class='ocr_par' dir='ltr' id='par_1_10' title="bbox 575 995 1414 1036">
     <span class='ocr_line' id='line_1_31' title="bbox 575 995 1414 1036; baseline 0.004 -5"><span class='ocrx_word' id='word_1_196' title='bbox 575 1025 579 1031; x_wconf 88' lang='lat'>.</span> <span class='ocrx_word' id='word_1_197' title='bbox 629 995 762 1033; x_wconf 89' lang='grc' dir='ltr'>ΠΕΡΙ</span> <span class='ocrx_word' id='word_1_198' title='bbox 797 995 906 1033; x_wconf 84' lang='grc' dir='ltr'>ΤΟΥ</span> <span class='ocrx_word' id='word_1_199' title='bbox 939 995 1174 1035; x_wconf 83' lang='grc' dir='ltr'><strong>ΗΡΩΔΟΥ</strong></span> <span class='ocrx_word' id='word_1_200' title='bbox 1206 996 1414 1036; x_wconf 83' lang='grc' dir='ltr'><strong>ΦΟΝΟΥ.</strong></span> 
     </span>
    </p>
   </div>
   <div class='ocr_carea' id='block_1_7' title="bbox 545 1085 741 1112">
    <p class='ocr_par' dir='ltr' id='par_1_11' title="bbox 545 1085 741 1112">
     <span class='ocr_line' id='line_1_32' title="bbox 545 1085 741 1112; baseline 0 -1"><span class='ocrx_word' id='word_1_201' title='bbox 545 1085 741 1112; x_wconf 72' lang='grc' dir='ltr'><strong>ΎΠΟΘΕΣΙΣ.</strong></span> 
     </span>
    </p>
   </div>
   <div class='ocr_carea' id='block_1_8' title="bbox 289 1129 999 1299">
    <p class='ocr_par' dir='ltr' id='par_1_12' title="bbox 289 1129 999 1299">
     <span class='ocr_line' id='line_1_33' title="bbox 331 1129 999 1172; baseline 0.006 -14"><span class='ocrx_word' id='word_1_202' title='bbox 331 1139 363 1168; x_wconf 90' lang='lat' dir='ltr'>p.</span> <span class='ocrx_word' id='word_1_203' title='bbox 380 1130 432 1161; x_wconf 88' lang='lat'>85.</span> <span class='ocrx_word' id='word_1_204' title='bbox 448 1132 479 1159; x_wconf 85' lang='lat'>1.</span> <span class='ocrx_word' id='word_1_205' title='bbox 502 1129 570 1159; x_wconf 72' lang='grc' dir='ltr'>κατ’</span> <span class='ocrx_word' id='word_1_206' title='bbox 594 1130 695 1172; x_wconf 67' lang='grc' dir='ltr'>αὐτὴν]</span> <span class='ocrx_word' id='word_1_207' title='bbox 725 1131 804 1162; x_wconf 71' lang='grc' dir='ltr'><strong>κατὰ.</strong></span> <span class='ocrx_word' id='word_1_208' title='bbox 830 1131 933 1162; x_wconf 79' lang='grc' dir='ltr'>ταύτὸν</span> <span class='ocrx_word' id='word_1_209' title='bbox 961 1133 999 1162; x_wconf 88' lang='grc' dir='ltr'>Β.</span> 
     </span>
     <span class='ocr_line' id='line_1_34' title="bbox 289 1171 999 1213; baseline 0.006 -12"><span class='ocrx_word' id='word_1_210' title='bbox 289 1182 358 1211; x_wconf 80' lang='lat' dir='ltr'><strong>pen.</strong></span> <span class='ocrx_word' id='word_1_211' title='bbox 374 1171 402 1202; x_wconf 68' lang='grc' dir='ltr'>δὲ</span> <span class='ocrx_word' id='word_1_212' title='bbox 418 1172 457 1206; x_wconf 86' lang='grc' dir='ltr'>εἶς</span> <span class='ocrx_word' id='word_1_213' title='bbox 471 1172 534 1213; x_wconf 74' lang='grc' dir='ltr'>τῆν]</span> <span class='ocrx_word' id='word_1_214' title='bbox 546 1171 570 1203; x_wconf 62' lang='grc' dir='ltr'>δ’</span> <span class='ocrx_word' id='word_1_215' title='bbox 580 1171 628 1204; x_wconf 82' lang='grc' dir='ltr'>ἐπὶ</span> <span class='ocrx_word' id='word_1_216' title='bbox 643 1176 692 1205; x_wconf 73' lang='grc' dir='ltr'>τὴν</span> <span class='ocrx_word' id='word_1_217' title='bbox 703 1175 741 1204; x_wconf 95' lang='lat' dir='ltr'>B.</span> <span class='ocrx_word' id='word_1_218' title='bbox 754 1173 783 1204; x_wconf 70' lang='grc' dir='ltr'>δὲ</span> <span class='ocrx_word' id='word_1_219' title='bbox 792 1175 842 1205; x_wconf 68' lang='grc' dir='ltr'>τὴν</span> <span class='ocrx_word' id='word_1_220' title='bbox 852 1176 898 1205; x_wconf 88' lang='lat' dir='ltr'>M.</span> <span class='ocrx_word' id='word_1_221' title='bbox 926 1176 999 1206; x_wconf 73' lang='lat' dir='ltr'>Vul-</span> 
     </span>
     <span class='ocr_line' id='line_1_35' title="bbox 290 1215 999 1257; baseline 0.004 -13"><span class='ocrx_word' id='word_1_222' title='bbox 290 1218 387 1253; x_wconf 77' lang='lat' dir='ltr'>gatam</span> <span class='ocrx_word' id='word_1_223' title='bbox 400 1215 488 1245; x_wconf 80' lang='lat' dir='ltr'><strong>dedit</strong></span> <span class='ocrx_word' id='word_1_224' title='bbox 499 1215 660 1252; x_wconf 84' lang='lat' dir='ltr'>Reiskius,</span> <span class='ocrx_word' id='word_1_225' title='bbox 671 1217 720 1247; x_wconf 79' lang='lat' dir='ltr'>hic</span> <span class='ocrx_word' id='word_1_226' title='bbox 734 1222 766 1247; x_wconf 80' lang='lat' dir='ltr'>et</span> <span class='ocrx_word' id='word_1_227' title='bbox 781 1227 874 1257; x_wconf 75' lang='lat' dir='ltr'><strong>supra</strong></span> <span class='ocrx_word' id='word_1_228' title='bbox 883 1228 947 1248; x_wconf 83' lang='lat' dir='ltr'><strong>ver.</strong></span> <span class='ocrx_word' id='word_1_229' title='bbox 958 1222 999 1255; x_wconf 91' lang='lat'>1.,</span> 
     </span>
     <span class='ocr_line' id='line_1_36' title="bbox 289 1258 912 1299; baseline 0.005 -12"><span class='ocrx_word' id='word_1_230' title='bbox 289 1258 371 1296; x_wconf 88' lang='lat' dir='ltr'><strong>quod</strong></span> <span class='ocrx_word' id='word_1_231' title='bbox 387 1259 425 1288; x_wconf 82' lang='lat' dir='ltr'>ad</span> <span class='ocrx_word' id='word_1_232' title='bbox 440 1259 542 1289; x_wconf 87' lang='lat' dir='ltr'><strong>locum</strong></span> <span class='ocrx_word' id='word_1_233' title='bbox 554 1269 708 1299; x_wconf 82' lang='lat' dir='ltr'><strong>apponere</strong></span> <span class='ocrx_word' id='word_1_234' title='bbox 719 1260 912 1299; x_wconf 70' lang='lat' dir='ltr'><strong>praetermisi.</strong></span> 
     </span>
    </p>
   </div>
   <div class='ocr_carea' id='block_1_9' title="bbox 581 1340 711 1366">
    <p class='ocr_par' dir='ltr' id='par_1_13' title="bbox 581 1340 711 1366">
     <span class='ocr_line' id='line_1_37' title="bbox 581 1340 711 1366; baseline -0.008 0"><span class='ocrx_word' id='word_1_235' title='bbox 581 1340 711 1366; x_wconf 85' lang='grc' dir='ltr'><strong>ΛΟΓΟΣ.</strong></span> 
     </span>
    </p>
   </div>
   <div class='ocr_carea' id='block_1_10' title="bbox 256 1383 1006 2451">
    <p class='ocr_par' dir='ltr' id='par_1_14' title="bbox 332 1383 1001 1426">
     <span class='ocr_line' id='line_1_38' title="bbox 332 1383 1001 1426; baseline 0.003 -11"><span class='ocrx_word' id='word_1_236' title='bbox 332 1395 366 1424; x_wconf 85' lang='lat' dir='ltr'><strong>p·</strong></span> <span class='ocrx_word' id='word_1_237' title='bbox 379 1387 432 1418; x_wconf 90' lang='grc'>85.</span> <span class='ocrx_word' id='word_1_238' title='bbox 449 1388 479 1415; x_wconf 85' lang='grc'>1.</span> <span class='ocrx_word' id='word_1_239' title='bbox 501 1383 666 1421; x_wconf 80' lang='grc' dir='ltr'>ἐβουλόμην,</span> <span class='ocrx_word' id='word_1_240' title='bbox 680 1384 716 1426; x_wconf 64' lang='grc' dir='ltr'>ὅ]</span> <span class='ocrx_word' id='word_1_241' title='bbox 733 1385 887 1426; x_wconf 77' lang='grc' dir='ltr'>ἐβουλόμην</span> <span class='ocrx_word' id='word_1_242' title='bbox 899 1386 966 1426; x_wconf 79' lang='grc' dir='ltr'>μὲν,</span> <span class='ocrx_word' id='word_1_243' title='bbox 979 1384 1001 1416; x_wconf 67' lang='grc' dir='ltr'><em>ὦ</em></span> 
     </span>
    </p>

    <p class='ocr_par' dir='ltr' id='par_1_15' title="bbox 291 1428 999 1504">
     <span class='ocr_line' id='line_1_39' title="bbox 291 1428 999 1470; baseline 0.003 -13"><span class='ocrx_word' id='word_1_244' title='bbox 291 1428 328 1457; x_wconf 84' lang='grc' dir='ltr'>Β.</span> <span class='ocrx_word' id='word_1_245' title='bbox 345 1429 390 1458; x_wconf 89' lang='grc' dir='ltr'>Μ.</span> <span class='ocrx_word' id='word_1_246' title='bbox 429 1430 460 1459; x_wconf 84' lang='grc'>3.</span> <span class='ocrx_word' id='word_1_247' title='bbox 475 1428 668 1470; x_wconf 67' lang='grc' dir='ltr'>καθιστάναι]</span> <span class='ocrx_word' id='word_1_248' title='bbox 692 1429 870 1459; x_wconf 68' lang='grc' dir='ltr'>καθεστάναι</span> <span class='ocrx_word' id='word_1_249' title='bbox 898 1431 933 1459; x_wconf 89' lang='grc' dir='ltr'>Β.</span> <span class='ocrx_word' id='word_1_250' title='bbox 968 1434 999 1461; x_wconf 81' lang='grc'>4.</span> 
     </span>
     <span class='ocr_line' id='line_1_40' title="bbox 545 1490 564 1504; baseline 0 0"><span class='ocrx_word' id='word_1_251' title='bbox 545 1490 564 1504; x_wconf 76' lang='grc' dir='ltr'>α</span> 
     </span>
    </p>

    <p class='ocr_par' dir='ltr' id='par_1_16' title="bbox 289 1478 998 1553">
     <span class='ocr_line' id='line_1_41' title="bbox 289 1478 998 1553; baseline 0.004 -13"><span class='ocrx_word' id='word_1_252' title='bbox 289 1511 339 1540; x_wconf 75' lang='grc' dir='ltr'>τοῦ</span> <span class='ocrx_word' id='word_1_253' title='bbox 362 1478 543 1551; x_wconf 50' lang='lat' dir='ltr'>oeque-known</span> <span class='ocrx_word' id='word_1_254' title='bbox 565 1512 638 1553; x_wconf 82' lang='grc' dir='ltr'>πέρα</span> <span class='ocrx_word' id='word_1_255' title='bbox 653 1514 691 1544; x_wconf 92' lang='grc' dir='ltr'>Β.</span> <span class='ocrx_word' id='word_1_256' title='bbox 715 1516 745 1544; x_wconf 90' lang='grc'>8.</span> <span class='ocrx_word' id='word_1_257' title='bbox 762 1512 892 1553; x_wconf 81' lang='grc' dir='ltr'>εἰπόντα]</span> <span class='ocrx_word' id='word_1_258' title='bbox 909 1513 998 1544; x_wconf 72' lang='grc' dir='ltr'>ἅπαν-</span> 
     </span>
    </p>

    <p class='ocr_par' dir='ltr' id='par_1_17' title="bbox 290 1554 849 1596">
     <span class='ocr_line' id='line_1_42' title="bbox 290 1554 849 1596; baseline 0.005 -13"><span class='ocrx_word' id='word_1_259' title='bbox 290 1565 331 1583; x_wconf 89' lang='grc' dir='ltr'>τα</span> <span class='ocrx_word' id='word_1_260' title='bbox 346 1555 391 1584; x_wconf 90' lang='grc' dir='ltr'>Μ.</span> <span class='ocrx_word' id='word_1_261' title='bbox 428 1555 485 1585; x_wconf 89' lang='lat' dir='ltr'><strong>ult.</strong></span> <span class='ocrx_word' id='word_1_262' title='bbox 500 1554 656 1596; x_wconf 75' lang='grc' dir='ltr'>δυναμένων</span> <span class='ocrx_word' id='word_1_263' title='bbox 672 1567 730 1586; x_wconf 91' lang='lat' dir='ltr'>om.</span> <span class='ocrx_word' id='word_1_264' title='bbox 746 1566 795 1596; x_wconf 87' lang='lat' dir='ltr'>pr.</span> <span class='ocrx_word' id='word_1_265' title='bbox 813 1557 849 1586; x_wconf 90' lang='lat' dir='ltr'>B.</span> 
     </span>
    </p>

    <p class='ocr_par' dir='ltr' id='par_1_18' title="bbox 256 1595 1001 1894">
     <span class='ocr_line' id='line_1_43' title="bbox 332 1595 998 1641; baseline 0.005 -15"><span class='ocrx_word' id='word_1_266' title='bbox 332 1607 364 1635; x_wconf 88' lang='lat' dir='ltr'>p.</span> <span class='ocrx_word' id='word_1_267' title='bbox 380 1598 432 1627; x_wconf 87' lang='lat'>86.</span> <span class='ocrx_word' id='word_1_268' title='bbox 447 1601 478 1627; x_wconf 89' lang='lat'>1.</span> <span class='ocrx_word' id='word_1_269' title='bbox 491 1595 550 1639; x_wconf 72' lang='grc' dir='ltr'>οὖν]</span> <span class='ocrx_word' id='word_1_270' title='bbox 565 1597 620 1637; x_wconf 80' lang='grc' dir='ltr'>μὲν</span> <span class='ocrx_word' id='word_1_271' title='bbox 635 1600 680 1629; x_wconf 88' lang='grc' dir='ltr'>Μ.</span> <span class='ocrx_word' id='word_1_272' title='bbox 713 1601 743 1630; x_wconf 86' lang='grc'>9.</span> <span class='ocrx_word' id='word_1_273' title='bbox 758 1599 828 1629; x_wconf 74' lang='grc' dir='ltr'>τάδε</span> <span class='ocrx_word' id='word_1_274' title='bbox 840 1597 868 1628; x_wconf 70' lang='grc' dir='ltr'>δὲ</span> <span class='ocrx_word' id='word_1_275' title='bbox 884 1598 998 1641; x_wconf 81' lang='grc' dir='ltr'>δέομαι]</span> 
     </span>
     <span class='ocr_line' id='line_1_44' title="bbox 289 1639 1001 1684; baseline 0.006 -16"><span class='ocrx_word' id='word_1_276' title='bbox 289 1639 359 1669; x_wconf 74' lang='grc' dir='ltr'>τάδε</span> <span class='ocrx_word' id='word_1_277' title='bbox 382 1639 482 1680; x_wconf 76' lang='grc' dir='ltr'>δέομαι</span> <span class='ocrx_word' id='word_1_278' title='bbox 503 1651 550 1680; x_wconf 88' lang='lat' dir='ltr'>pr.</span> <span class='ocrx_word' id='word_1_279' title='bbox 567 1642 607 1671; x_wconf 91' lang='grc' dir='ltr'>Β.</span> <span class='ocrx_word' id='word_1_280' title='bbox 634 1653 681 1681; x_wconf 76' lang='lat' dir='ltr'>pr.</span> <span class='ocrx_word' id='word_1_281' title='bbox 700 1643 744 1671; x_wconf 89' lang='lat' dir='ltr'>M.</span> <span class='ocrx_word' id='word_1_282' title='bbox 789 1645 841 1672; x_wconf 88' lang='lat'>11.</span> <span class='ocrx_word' id='word_1_283' title='bbox 865 1643 1001 1684; x_wconf 73' lang='grc' dir='ltr'>γλώσσῃ]</span> 
     </span>
     <span class='ocr_line' id='line_1_45' title="bbox 288 1689 348 1720; baseline 0.017 -7"><span class='ocrx_word' id='word_1_284' title='bbox 288 1689 348 1720; x_wconf 74' lang='grc' dir='ltr'>Ὺλώ</span> 
     </span>
     <span class='ocr_line' id='line_1_46' title="bbox 256 1723 1000 1766; baseline 0.008 -14"><span class='ocrx_word' id='word_1_285' title='bbox 256 1761 260 1763; x_wconf 40' lang='grc'>-</span> <span class='ocrx_word' id='word_1_286' title='bbox 290 1723 407 1765; x_wconf 79' lang='grc' dir='ltr'>πρώττῃ</span> <span class='ocrx_word' id='word_1_287' title='bbox 422 1724 470 1754; x_wconf 93' lang='grc' dir='ltr'>Μ.</span> <span class='ocrx_word' id='word_1_288' title='bbox 498 1724 581 1755; x_wconf 83' lang='lat' dir='ltr'><strong>lbid.</strong></span> <span class='ocrx_word' id='word_1_289' title='bbox 598 1725 684 1756; x_wconf 73' lang='grc' dir='ltr'>αὐτὴν</span> <span class='ocrx_word' id='word_1_290' title='bbox 698 1725 728 1766; x_wconf 83' lang='grc' dir='ltr'>ἢ]</span> <span class='ocrx_word' id='word_1_291' title='bbox 752 1724 822 1755; x_wconf 58' lang='lat' dir='ltr'>aava</span> <span class='ocrx_word' id='word_1_292' title='bbox 838 1724 852 1756; x_wconf 76' lang='grc' dir='ltr'>ἢ</span> <span class='ocrx_word' id='word_1_293' title='bbox 869 1726 908 1755; x_wconf 93' lang='grc' dir='ltr'>Β.</span> <span class='ocrx_word' id='word_1_294' title='bbox 928 1727 1000 1758; x_wconf 70' lang='grc' dir='ltr'>αὐτὴ</span> 
     </span>
     <span class='ocr_line' id='line_1_47' title="bbox 288 1766 1001 1809; baseline 0.006 -14"><span class='ocrx_word' id='word_1_295' title='bbox 288 1766 303 1795; x_wconf 78' lang='grc' dir='ltr'>ἦ</span> <span class='ocrx_word' id='word_1_296' title='bbox 326 1766 372 1796; x_wconf 93' lang='grc' dir='ltr'>Μ.</span> <span class='ocrx_word' id='word_1_297' title='bbox 409 1767 492 1797; x_wconf 85' lang='lat' dir='ltr'><strong>lbid.</strong></span> <span class='ocrx_word' id='word_1_298' title='bbox 514 1766 699 1809; x_wconf 74' lang='grc' dir='ltr'>ἁμαρτόντα]</span> <span class='ocrx_word' id='word_1_299' title='bbox 726 1769 903 1808; x_wconf 79' lang='grc' dir='ltr'>ἁμαρτώντα</span> <span class='ocrx_word' id='word_1_300' title='bbox 929 1769 1001 1799; x_wconf 89' lang='lat' dir='ltr'><strong>Ald.</strong></span> 
     </span>
     <span class='ocr_line' id='line_1_48' title="bbox 289 1809 1001 1852; baseline 0.007 -15"><span class='ocrx_word' id='word_1_301' title='bbox 289 1809 342 1839; x_wconf 87' lang='grc'>15.</span> <span class='ocrx_word' id='word_1_302' title='bbox 372 1809 556 1852; x_wconf 83' lang='grc' dir='ltr'>ἀπολέσθαι]</span> <span class='ocrx_word' id='word_1_303' title='bbox 578 1810 757 1841; x_wconf 77' lang='grc' dir='ltr'>ἀπολεῖσθαι</span> <span class='ocrx_word' id='word_1_304' title='bbox 783 1821 830 1849; x_wconf 87' lang='lat' dir='ltr'>pr.</span> <span class='ocrx_word' id='word_1_305' title='bbox 853 1812 889 1841; x_wconf 90' lang='lat' dir='ltr'>B.</span> <span class='ocrx_word' id='word_1_306' title='bbox 921 1812 1001 1842; x_wconf 87' lang='lat' dir='ltr'><strong>lbid.</strong></span> 
     </span>
     <span class='ocr_line' id='line_1_49' title="bbox 287 1851 905 1894; baseline 0.006 -14"><span class='ocrx_word' id='word_1_307' title='bbox 287 1851 439 1894; x_wconf 84' lang='grc' dir='ltr'>γλώττης]</span> <span class='ocrx_word' id='word_1_308' title='bbox 455 1853 591 1892; x_wconf 87' lang='grc' dir='ltr'>γλώσσης</span> <span class='ocrx_word' id='word_1_309' title='bbox 607 1855 643 1884; x_wconf 86' lang='grc' dir='ltr'>Β.</span> <span class='ocrx_word' id='word_1_310' title='bbox 658 1854 792 1892; x_wconf 75' lang='grc' dir='ltr'>γλώττης</span> <span class='ocrx_word' id='word_1_311' title='bbox 809 1854 905 1884; x_wconf 84' lang='lat' dir='ltr'><strong>Bekk.</strong></span> 
     </span>
    </p>

    <p class='ocr_par' dir='ltr' id='par_1_19' title="bbox 934 1915 990 1930">
     <span class='ocr_line' id='line_1_50' title="bbox 934 1915 990 1930; baseline 0 -1"><span class='ocrx_word' id='word_1_312' title='bbox 934 1915 990 1930; x_wconf 63' lang='lat' dir='ltr'>VTssl</span> 
     </span>
    </p>

    <p class='ocr_par' dir='ltr' id='par_1_20' title="bbox 289 1936 1003 2234">
     <span class='ocr_line' id='line_1_51' title="bbox 333 1936 965 1978; baseline 0.002 -12"><span class='ocrx_word' id='word_1_313' title='bbox 333 1947 364 1977; x_wconf 88' lang='grc' dir='ltr'>ρ.</span> <span class='ocrx_word' id='word_1_314' title='bbox 380 1938 433 1967; x_wconf 86' lang='grc'>87.</span> <span class='ocrx_word' id='word_1_315' title='bbox 448 1939 478 1967; x_wconf 83' lang='grc'>2.</span> <span class='ocrx_word' id='word_1_316' title='bbox 494 1936 743 1978; x_wconf 76' lang='grc' dir='ltr'>διαπράσσωνται]</span> <span class='ocrx_word' id='word_1_317' title='bbox 758 1937 965 1978; x_wconf 73' lang='grc' dir='ltr'>διαωράσσωσι</span> 
     </span>
     <span class='ocr_line' id='line_1_52' title="bbox 289 1979 1003 2021; baseline -0.001 -11"><span class='ocrx_word' id='word_1_318' title='bbox 289 1980 338 2010; x_wconf 92' lang='grc' dir='ltr'>Μ.</span> <span class='ocrx_word' id='word_1_319' title='bbox 348 1979 573 2021; x_wconf 72' lang='grc' dir='ltr'>διαπράσσονται</span> <span class='ocrx_word' id='word_1_320' title='bbox 585 1980 658 2010; x_wconf 84' lang='lat' dir='ltr'><strong>Ald.</strong></span> <span class='ocrx_word' id='word_1_321' title='bbox 687 1982 718 2011; x_wconf 84' lang='lat'>3.</span> <span class='ocrx_word' id='word_1_322' title='bbox 728 1981 777 2010; x_wconf 77' lang='grc' dir='ltr'>καὶ</span> <span class='ocrx_word' id='word_1_323' title='bbox 790 1986 859 2010; x_wconf 76' lang='lat' dir='ltr'><strong>aute</strong></span> <span class='ocrx_word' id='word_1_324' title='bbox 874 1980 1003 2021; x_wconf 78' lang='grc' dir='ltr'>νομίμως</span> 
     </span>
     <span class='ocr_line' id='line_1_53' title="bbox 290 2020 1000 2064; baseline 0 -12"><span class='ocrx_word' id='word_1_325' title='bbox 290 2033 352 2053; x_wconf 87' lang='lat' dir='ltr'>om.</span> <span class='ocrx_word' id='word_1_326' title='bbox 370 2023 414 2052; x_wconf 91' lang='grc' dir='ltr'>Μ.</span> <span class='ocrx_word' id='word_1_327' title='bbox 446 2022 526 2052; x_wconf 82' lang='lat' dir='ltr'><strong>lbid.</strong></span> <span class='ocrx_word' id='word_1_328' title='bbox 542 2020 636 2064; x_wconf 79' lang='grc' dir='ltr'>ὁσίως]</span> <span class='ocrx_word' id='word_1_329' title='bbox 655 2021 764 2059; x_wconf 74' lang='grc' dir='ltr'>δικαίως</span> <span class='ocrx_word' id='word_1_330' title='bbox 778 2024 824 2053; x_wconf 91' lang='grc' dir='ltr'>Μ.</span> <span class='ocrx_word' id='word_1_331' title='bbox 857 2026 888 2054; x_wconf 83' lang='lat'>4.</span> <span class='ocrx_word' id='word_1_332' title='bbox 906 2022 1000 2063; x_wconf 78' lang='grc' dir='ltr'>δικαίῳ</span> 
     </span>
     <span class='ocr_line' id='line_1_54' title="bbox 289 2064 1001 2107; baseline 0.001 -11"><span class='ocrx_word' id='word_1_333' title='bbox 289 2076 351 2096; x_wconf 87' lang='lat' dir='ltr'>om.</span> <span class='ocrx_word' id='word_1_334' title='bbox 366 2065 413 2095; x_wconf 91' lang='lat' dir='ltr'>M.</span> <span class='ocrx_word' id='word_1_335' title='bbox 444 2064 528 2095; x_wconf 85' lang='lat' dir='ltr'><strong>lbid.</strong></span> <span class='ocrx_word' id='word_1_336' title='bbox 538 2065 796 2107; x_wconf 76' lang='grc' dir='ltr'>κατηγορουμένων]</span> <span class='ocrx_word' id='word_1_337' title='bbox 807 2066 1001 2107; x_wconf 82' lang='grc' dir='ltr'>κατηγορημέ-</span> 
     </span>
     <span class='ocr_line' id='line_1_55' title="bbox 289 2106 1001 2148; baseline 0.001 -10"><span class='ocrx_word' id='word_1_338' title='bbox 289 2119 337 2138; x_wconf 77' lang='grc' dir='ltr'>νων</span> <span class='ocrx_word' id='word_1_339' title='bbox 357 2109 397 2138; x_wconf 87' lang='grc' dir='ltr'>Β.</span> <span class='ocrx_word' id='word_1_340' title='bbox 417 2106 658 2148; x_wconf 73' lang='grc' dir='ltr'>κατηγορουμένων</span> <span class='ocrx_word' id='word_1_341' title='bbox 673 2108 775 2139; x_wconf 82' lang='lat' dir='ltr'><strong>Bekk.</strong></span> <span class='ocrx_word' id='word_1_342' title='bbox 813 2111 863 2140; x_wconf 90' lang='lat'>15.</span> <span class='ocrx_word' id='word_1_343' title='bbox 888 2108 1001 2140; x_wconf 86' lang='grc' dir='ltr'>πώποτ’</span> 
     </span>
     <span class='ocr_line' id='line_1_56' title="bbox 289 2150 999 2194; baseline 0.003 -14"><span class='ocrx_word' id='word_1_344' title='bbox 289 2161 352 2182; x_wconf 87' lang='lat' dir='ltr'>om.</span> <span class='ocrx_word' id='word_1_345' title='bbox 365 2152 410 2180; x_wconf 92' lang='lat' dir='ltr'>M.</span> <span class='ocrx_word' id='word_1_346' title='bbox 436 2153 487 2181; x_wconf 85' lang='lat'><strong>1¹7.</strong></span> <span class='ocrx_word' id='word_1_347' title='bbox 500 2150 618 2192; x_wconf 83' lang='grc' dir='ltr'>τούτου]</span> <span class='ocrx_word' id='word_1_348' title='bbox 630 2150 737 2182; x_wconf 81' lang='grc' dir='ltr'>τούτων</span> <span class='ocrx_word' id='word_1_349' title='bbox 749 2153 795 2183; x_wconf 94' lang='grc' dir='ltr'>Μ.</span> <span class='ocrx_word' id='word_1_350' title='bbox 818 2152 872 2182; x_wconf 88' lang='lat' dir='ltr'><strong>ult.</strong></span> <span class='ocrx_word' id='word_1_351' title='bbox 885 2151 999 2194; x_wconf 76' lang='grc' dir='ltr'>προσὸν]</span> 
     </span>
     <span class='ocr_line' id='line_1_57' title="bbox 289 2191 484 2234; baseline 0.005 -11"><span class='ocrx_word' id='word_1_352' title='bbox 289 2192 355 2234; x_wconf 73' lang='grc' dir='ltr'>πρὸς</span> <span class='ocrx_word' id='word_1_353' title='bbox 371 2191 397 2224; x_wconf 76' lang='grc' dir='ltr'>ὃν</span> <span class='ocrx_word' id='word_1_354' title='bbox 411 2193 484 2225; x_wconf 79' lang='lat' dir='ltr'><strong>Ald.</strong></span> 
     </span>
    </p>

    <p class='ocr_par' dir='ltr' id='par_1_21' title="bbox 289 2235 1006 2451">
     <span class='ocr_line' id='line_1_58' title="bbox 332 2235 1001 2277; baseline 0.003 -11"><span class='ocrx_word' id='word_1_355' title='bbox 332 2248 363 2276; x_wconf 89' lang='lat' dir='ltr'>p.</span> <span class='ocrx_word' id='word_1_356' title='bbox 381 2238 434 2267; x_wconf 88' lang='grc'>88.</span> <span class='ocrx_word' id='word_1_357' title='bbox 451 2240 481 2268; x_wconf 84' lang='grc'>1.</span> <span class='ocrx_word' id='word_1_358' title='bbox 503 2235 585 2277; x_wconf 73' lang='grc' dir='ltr'>ἡμῖν]</span> <span class='ocrx_word' id='word_1_359' title='bbox 607 2236 675 2276; x_wconf 78' lang='grc' dir='ltr'>ὑμῖν</span> <span class='ocrx_word' id='word_1_360' title='bbox 699 2236 735 2267; x_wconf 88' lang='grc' dir='ltr'>Β.</span> <span class='ocrx_word' id='word_1_361' title='bbox 772 2240 802 2267; x_wconf 85' lang='grc'>2.</span> <span class='ocrx_word' id='word_1_362' title='bbox 822 2237 893 2268; x_wconf 72' lang='grc' dir='ltr'>αὐτό</span> <span class='ocrx_word' id='word_1_363' title='bbox 914 2249 947 2268; x_wconf 85' lang='grc' dir='ltr'>τε</span> <span class='ocrx_word' id='word_1_364' title='bbox 968 2237 1001 2268; x_wconf 83' lang='grc' dir='ltr'>τό</span> 
     </span>
     <span class='ocr_line' id='line_1_59' title="bbox 289 2277 1001 2320; baseline 0.007 -13"><span class='ocrx_word' id='word_1_365' title='bbox 289 2278 459 2310; x_wconf 75' lang='grc' dir='ltr'>ἀποκτείνειν</span> <span class='ocrx_word' id='word_1_366' title='bbox 482 2278 565 2319; x_wconf 81' lang='grc' dir='ltr'>μέγα</span> <span class='ocrx_word' id='word_1_367' title='bbox 590 2278 736 2320; x_wconf 80' lang='grc' dir='ltr'>κακούργ.]</span> <span class='ocrx_word' id='word_1_368' title='bbox 759 2277 795 2309; x_wconf 74' lang='grc' dir='ltr'>αὗ</span> <span class='ocrx_word' id='word_1_369' title='bbox 818 2280 853 2310; x_wconf 87' lang='grc' dir='ltr'>τό</span> <span class='ocrx_word' id='word_1_370' title='bbox 875 2292 909 2311; x_wconf 89' lang='grc' dir='ltr'>τε</span> <span class='ocrx_word' id='word_1_371' title='bbox 930 2283 1001 2312; x_wconf 81' lang='grc' dir='ltr'>ἀπο-</span> 
     </span>
     <span class='ocr_line' id='line_1_60' title="bbox 289 2320 1002 2364; baseline 0.004 -13"><span class='ocrx_word' id='word_1_372' title='bbox 289 2321 399 2352; x_wconf 84' lang='grc' dir='ltr'>κτείνειν</span> <span class='ocrx_word' id='word_1_373' title='bbox 412 2332 452 2361; x_wconf 85' lang='grc' dir='ltr'>με</span> <span class='ocrx_word' id='word_1_374' title='bbox 468 2321 599 2362; x_wconf 83' lang='grc' dir='ltr'>κακούργ.</span> <span class='ocrx_word' id='word_1_375' title='bbox 615 2323 655 2353; x_wconf 92' lang='grc' dir='ltr'>Β.</span> <span class='ocrx_word' id='word_1_376' title='bbox 669 2323 715 2352; x_wconf 92' lang='grc' dir='ltr'>Μ.</span> <span class='ocrx_word' id='word_1_377' title='bbox 754 2324 785 2353; x_wconf 88' lang='grc'>5.</span> <span class='ocrx_word' id='word_1_378' title='bbox 802 2320 846 2364; x_wconf 73' lang='grc' dir='ltr'>οὗ]</span> <span class='ocrx_word' id='word_1_379' title='bbox 863 2324 892 2354; x_wconf 82' lang='grc' dir='ltr'>οὖ</span> <span class='ocrx_word' id='word_1_380' title='bbox 909 2325 953 2354; x_wconf 91' lang='grc' dir='ltr'>Μ.</span> <span class='ocrx_word' id='word_1_381' title='bbox 970 2330 1002 2355; x_wconf 79' lang='lat' dir='ltr'>et</span> 
     </span>
     <span class='ocr_line' id='line_1_61' title="bbox 291 2364 1000 2407; baseline 0.004 -13"><span class='ocrx_word' id='word_1_382' title='bbox 291 2364 335 2394; x_wconf 82' lang='lat' dir='ltr'>sic</span> <span class='ocrx_word' id='word_1_383' title='bbox 359 2365 460 2395; x_wconf 74' lang='lat' dir='ltr'>forsan</span> <span class='ocrx_word' id='word_1_384' title='bbox 477 2376 525 2404; x_wconf 86' lang='lat' dir='ltr'>pr.</span> <span class='ocrx_word' id='word_1_385' title='bbox 540 2365 579 2395; x_wconf 92' lang='lat' dir='ltr'>B.</span> <span class='ocrx_word' id='word_1_386' title='bbox 617 2367 647 2395; x_wconf 88' lang='lat'>6.</span> <span class='ocrx_word' id='word_1_387' title='bbox 671 2365 833 2407; x_wconf 72' lang='grc' dir='ltr'>εἴργεσθαι]</span> <span class='ocrx_word' id='word_1_388' title='bbox 854 2365 1000 2406; x_wconf 70' lang='grc' dir='ltr'>εἴργεσθαι</span> 
     </span>
     <span class='ocr_line' id='line_1_62' title="bbox 290 2406 1006 2451; baseline 0.006 -15"><span class='ocrx_word' id='word_1_389' title='bbox 290 2417 337 2446; x_wconf 84' lang='lat' dir='ltr'>pr.</span> <span class='ocrx_word' id='word_1_390' title='bbox 350 2408 385 2437; x_wconf 88' lang='lat' dir='ltr'>B.</span> <span class='ocrx_word' id='word_1_391' title='bbox 400 2406 538 2447; x_wconf 84' lang='grc' dir='ltr'>εἴργεσθαι</span> <span class='ocrx_word' id='word_1_392' title='bbox 551 2407 654 2438; x_wconf 84' lang='lat' dir='ltr'><strong>Bekk.</strong></span> <span class='ocrx_word' id='word_1_393' title='bbox 678 2410 699 2438; x_wconf 87' lang='lat'>&#39;7</span> <span class='ocrx_word' id='word_1_394' title='bbox 703 2430 710 2438; x_wconf 94' lang='lat'>.</span> <span class='ocrx_word' id='word_1_395' title='bbox 728 2407 861 2451; x_wconf 76' lang='grc' dir='ltr'>ἐνταυθὶ]</span> <span class='ocrx_word' id='word_1_396' title='bbox 877 2408 1006 2440; x_wconf 83' lang='grc' dir='ltr'>ἐνταυθοῖ</span> 
     </span>
    </p>
   </div>
   <div class='ocr_carea' id='block_1_11' title="bbox 291 2470 1001 2533">
    <p class='ocr_par' dir='ltr' id='par_1_22' title="bbox 291 2470 1001 2533">
     <span class='ocr_line' id='line_1_63' title="bbox 696 2470 715 2484; baseline 0 0"><span class='ocrx_word' id='word_1_397' title='bbox 696 2470 715 2484; x_wconf 72' lang='lat'>(1</span> 
     </span>
     <span class='ocr_line' id='line_1_64' title="bbox 291 2489 1001 2533; baseline 0.007 -14"><span class='ocrx_word' id='word_1_398' title='bbox 291 2490 329 2520; x_wconf 89' lang='lat' dir='ltr'>B.</span> <span class='ocrx_word' id='word_1_399' title='bbox 345 2491 390 2521; x_wconf 92' lang='lat' dir='ltr'>M.</span> <span class='ocrx_word' id='word_1_400' title='bbox 423 2493 454 2522; x_wconf 92' lang='lat'>9.</span> <span class='ocrx_word' id='word_1_401' title='bbox 484 2489 680 2521; x_wconf 79' lang='grc' dir='ltr'>ἀνταποθανεῖν</span> <span class='ocrx_word' id='word_1_402' title='bbox 705 2492 755 2522; x_wconf 76' lang='grc' dir='ltr'>τοῦ</span> <span class='ocrx_word' id='word_1_403' title='bbox 774 2492 859 2533; x_wconf 87' lang='grc' dir='ltr'>νόμου</span> <span class='ocrx_word' id='word_1_404' title='bbox 875 2492 1001 2532; x_wconf 83' lang='grc' dir='ltr'>κειμένου</span> 
     </span>
    </p>
   </div>
   <div class='ocr_carea' id='block_1_12' title="bbox 289 2551 1002 2617">
    <p class='ocr_par' dir='ltr' id='par_1_23' title="bbox 289 2551 1002 2617">
     <span class='ocr_line' id='line_1_65' title="bbox 289 2551 1002 2617; baseline 0.006 -13"><span class='ocrx_word' id='word_1_405' title='bbox 289 2573 336 2605; x_wconf 72' lang='grc' dir='ltr'>τὸν</span> <span class='ocrx_word' id='word_1_406' title='bbox 349 2551 609 2606; x_wconf 63' lang='grc' dir='ltr'>ἀποκτείνανταῪΒ.</span> <span class='ocrx_word' id='word_1_407' title='bbox 637 2579 650 2605; x_wconf 92' lang='grc'><strong>1</strong></span> <span class='ocrx_word' id='word_1_408' title='bbox 658 2579 673 2606; x_wconf 92' lang='grc'><strong>1</strong></span> <span class='ocrx_word' id='word_1_409' title='bbox 680 2599 686 2605; x_wconf 93' lang='grc'>.</span> <span class='ocrx_word' id='word_1_410' title='bbox 696 2586 731 2606; x_wconf 88' lang='lat' dir='ltr'>an</span> <span class='ocrx_word' id='word_1_411' title='bbox 736 2580 764 2606; x_wconf 78' lang='lat' dir='ltr'>[c</span> <span class='ocrx_word' id='word_1_412' title='bbox 775 2581 805 2607; x_wconf 79' lang='lat' dir='ltr'>et</span> <span class='ocrx_word' id='word_1_413' title='bbox 815 2582 886 2617; x_wconf 85' lang='lat' dir='ltr'><strong>post</strong></span> <span class='ocrx_word' id='word_1_414' title='bbox 895 2577 1002 2617; x_wconf 80' lang='grc' dir='ltr'>ἔνειμαν</span> 
     </span>
    </p>
   </div>
   <div class='ocr_carea' id='block_1_13' title="bbox 289 2617 1006 3042">
    <p class='ocr_par' dir='ltr' id='par_1_24' title="bbox 289 2617 1005 2874">
     <span class='ocr_line' id='line_1_66' title="bbox 290 2617 1003 2660; baseline 0.004 -13"><span class='ocrx_word' id='word_1_415' title='bbox 290 2617 336 2647; x_wconf 81' lang='lat' dir='ltr'><strong>lit.</strong></span> <span class='ocrx_word' id='word_1_416' title='bbox 354 2620 385 2649; x_wconf 83' lang='grc'>2.</span> <span class='ocrx_word' id='word_1_417' title='bbox 401 2628 480 2648; x_wconf 70' lang='lat' dir='ltr'><strong>erae.</strong></span> <span class='ocrx_word' id='word_1_418' title='bbox 496 2617 526 2646; x_wconf 84' lang='lat' dir='ltr'>in</span> <span class='ocrx_word' id='word_1_419' title='bbox 542 2618 591 2653; x_wconf 78' lang='lat' dir='ltr'>B..</span> <span class='ocrx_word' id='word_1_420' title='bbox 615 2628 659 2658; x_wconf 82' lang='lat' dir='ltr'>pr.</span> <span class='ocrx_word' id='word_1_421' title='bbox 676 2619 747 2649; x_wconf 80' lang='lat' dir='ltr'><strong>ded.</strong></span> <span class='ocrx_word' id='word_1_422' title='bbox 762 2620 826 2649; x_wconf 85' lang='lat' dir='ltr'><strong>vid.</strong></span> <span class='ocrx_word' id='word_1_423' title='bbox 848 2619 880 2650; x_wconf 68' lang='grc' dir='ltr'>ἂν</span> <span class='ocrx_word' id='word_1_424' title='bbox 893 2619 1003 2660; x_wconf 80' lang='grc' dir='ltr'>ἔνειμαν</span> 
     </span>
     <span class='ocr_line' id='line_1_67' title="bbox 289 2659 1002 2703; baseline 0.003 -13"><span class='ocrx_word' id='word_1_425' title='bbox 289 2660 370 2699; x_wconf 74' lang='grc' dir='ltr'>αὐτῷ’</span> <span class='ocrx_word' id='word_1_426' title='bbox 382 2659 455 2691; x_wconf 87' lang='grc' dir='ltr'>τεθν.</span> <span class='ocrx_word' id='word_1_427' title='bbox 485 2662 538 2690; x_wconf 85' lang='grc'>17.</span> <span class='ocrx_word' id='word_1_428' title='bbox 554 2661 613 2701; x_wconf 69' lang='grc' dir='ltr'>μὴ]</span> <span class='ocrx_word' id='word_1_429' title='bbox 636 2672 684 2700; x_wconf 89' lang='grc' dir='ltr'>μοι</span> <span class='ocrx_word' id='word_1_430' title='bbox 709 2662 756 2691; x_wconf 85' lang='grc' dir='ltr'>Μ.</span> <span class='ocrx_word' id='word_1_431' title='bbox 785 2662 868 2692; x_wconf 82' lang='lat' dir='ltr'><strong>lbid.</strong></span> <span class='ocrx_word' id='word_1_432' title='bbox 892 2663 1002 2703; x_wconf 80' lang='grc' dir='ltr'>ὁμοῤῥό-</span> 
     </span>
     <span class='ocr_line' id='line_1_68' title="bbox 289 2702 1003 2745; baseline 0.004 -13"><span class='ocrx_word' id='word_1_433' title='bbox 289 2710 351 2741; x_wconf 85' lang='grc' dir='ltr'>φιος</span> <span class='ocrx_word' id='word_1_434' title='bbox 365 2702 496 2745; x_wconf 77' lang='grc' dir='ltr'>γένηται]</span> <span class='ocrx_word' id='word_1_435' title='bbox 520 2702 672 2744; x_wconf 78' lang='grc' dir='ltr'>ὁμωρόφιος</span> <span class='ocrx_word' id='word_1_436' title='bbox 686 2702 794 2742; x_wconf 84' lang='grc' dir='ltr'>γίνηται</span> <span class='ocrx_word' id='word_1_437' title='bbox 810 2705 848 2734; x_wconf 93' lang='grc' dir='ltr'>Β.</span> <span class='ocrx_word' id='word_1_438' title='bbox 883 2708 933 2735; x_wconf 84' lang='grc'>18.</span> <span class='ocrx_word' id='word_1_439' title='bbox 951 2716 1003 2735; x_wconf 84' lang='grc' dir='ltr'>πε·</span> 
     </span>
     <span class='ocr_line' id='line_1_69' title="bbox 434 2764 540 2780; baseline -0.009 0"><span class='ocrx_word' id='word_1_440' title='bbox 434 2764 468 2780; x_wconf 70' lang='grc' dir='ltr'>πε</span> <span class='ocrx_word' id='word_1_441' title='bbox 526 2764 540 2779; x_wconf 87' lang='grc' dir='ltr'><em>Κ</em></span> 
     </span>
     <span class='ocr_line' id='line_1_70' title="bbox 290 2786 1005 2830; baseline 0.001 -12"><span class='ocrx_word' id='word_1_442' title='bbox 290 2786 423 2828; x_wconf 80' lang='grc' dir='ltr'>ποίηκας]</span> <span class='ocrx_word' id='word_1_443' title='bbox 446 2786 582 2822; x_wconf 81' lang='grc' dir='ltr'>ἐποίησας</span> <span class='ocrx_word' id='word_1_444' title='bbox 602 2788 650 2819; x_wconf 90' lang='grc' dir='ltr'>Μ.</span> <span class='ocrx_word' id='word_1_445' title='bbox 683 2788 737 2819; x_wconf 88' lang='lat' dir='ltr'><strong>ult.</strong></span> <span class='ocrx_word' id='word_1_446' title='bbox 753 2787 824 2828; x_wconf 74' lang='grc' dir='ltr'><strong>οἰκίᾳ.</strong></span> <span class='ocrx_word' id='word_1_447' title='bbox 839 2789 876 2829; x_wconf 76' lang='grc' dir='ltr'><em>τῇ</em></span> <span class='ocrx_word' id='word_1_448' title='bbox 898 2789 951 2830; x_wconf 75' lang='grc' dir='ltr'>σῇ]</span> <span class='ocrx_word' id='word_1_449' title='bbox 967 2789 1005 2830; x_wconf 73' lang='grc' dir='ltr'><em>τῇ</em></span> 
     </span>
     <span class='ocr_line' id='line_1_71' title="bbox 378 2837 470 2874; baseline 0 -12"><span class='ocrx_word' id='word_1_450' title='bbox 378 2837 415 2874; x_wconf 81' lang='grc' dir='ltr'><em>τῇ</em></span> <span class='ocrx_word' id='word_1_451' title='bbox 430 2837 470 2873; x_wconf 66' lang='grc' dir='ltr'>σῇ</span> 
     </span>
    </p>

    <p class='ocr_par' dir='ltr' id='par_1_25' title="bbox 290 2869 640 2910">
     <span class='ocr_line' id='line_1_72' title="bbox 290 2869 640 2910; baseline 0.011 -11"><span class='ocrx_word' id='word_1_452' title='bbox 290 2869 361 2910; x_wconf 73' lang='grc' dir='ltr'>οἷκία</span> <span class='ocrx_word' id='word_1_453' title='bbox 381 2872 461 2910; x_wconf 69' lang='grc' dir='ltr'>αὐτῷ</span> <span class='ocrx_word' id='word_1_454' title='bbox 472 2871 521 2902; x_wconf 82' lang='grc' dir='ltr'>Μ.</span> <span class='ocrx_word' id='word_1_455' title='bbox 635 2893 640 2898; x_wconf 78' lang='lat'><em>-</em></span> 
     </span>
    </p>

    <p class='ocr_par' dir='ltr' id='par_1_26' title="bbox 289 2913 1006 3042">
     <span class='ocr_line' id='line_1_73' title="bbox 334 2913 1003 2956; baseline 0.003 -13"><span class='ocrx_word' id='word_1_456' title='bbox 334 2924 364 2953; x_wconf 84' lang='lat' dir='ltr'>p.</span> <span class='ocrx_word' id='word_1_457' title='bbox 381 2916 433 2945; x_wconf 88' lang='lat'>89.</span> <span class='ocrx_word' id='word_1_458' title='bbox 451 2917 479 2944; x_wconf 90' lang='lat'>1.</span> <span class='ocrx_word' id='word_1_459' title='bbox 509 2913 699 2956; x_wconf 76' lang='grc' dir='ltr'>ἐπαρώμενον]</span> <span class='ocrx_word' id='word_1_460' title='bbox 724 2914 942 2956; x_wconf 67' lang='grc' dir='ltr'>ἐπαρωνώμενος</span> <span class='ocrx_word' id='word_1_461' title='bbox 957 2927 1003 2955; x_wconf 83' lang='lat' dir='ltr'>pr.</span> 
     </span>
     <span class='ocr_line' id='line_1_74' title="bbox 291 2955 1003 2999; baseline 0.007 -15"><span class='ocrx_word' id='word_1_462' title='bbox 291 2955 336 2984; x_wconf 92' lang='lat' dir='ltr'>M.</span> <span class='ocrx_word' id='word_1_463' title='bbox 376 2958 407 2986; x_wconf 83' lang='grc'>2.</span> <span class='ocrx_word' id='word_1_464' title='bbox 431 2959 508 2987; x_wconf 70' lang='grc' dir='ltr'>κακὰ</span> <span class='ocrx_word' id='word_1_465' title='bbox 536 2957 650 2999; x_wconf 74' lang='grc' dir='ltr'>πολλοὶ]</span> <span class='ocrx_word' id='word_1_466' title='bbox 676 2961 773 2989; x_wconf 75' lang='grc' dir='ltr'><strong>πολλὰ.</strong></span> <span class='ocrx_word' id='word_1_467' title='bbox 792 2961 869 2989; x_wconf 81' lang='grc' dir='ltr'>κακοὶ</span> <span class='ocrx_word' id='word_1_468' title='bbox 891 2960 934 2989; x_wconf 91' lang='grc' dir='ltr'>Μ.</span> <span class='ocrx_word' id='word_1_469' title='bbox 973 2961 1003 2989; x_wconf 77' lang='grc'>5.</span> 
     </span>
     <span class='ocr_line' id='line_1_75' title="bbox 289 2998 1006 3042; baseline 0.01 -17"><span class='ocrx_word' id='word_1_470' title='bbox 289 2998 404 3037; x_wconf 72' lang='grc' dir='ltr'>σεαυτῷ</span> <span class='ocrx_word' id='word_1_471' title='bbox 417 3001 483 3034; x_wconf 79' lang='grc' dir='ltr'>τοὺς</span> <span class='ocrx_word' id='word_1_472' title='bbox 495 2999 608 3042; x_wconf 82' lang='grc' dir='ltr'>νόμους]</span> <span class='ocrx_word' id='word_1_473' title='bbox 624 3001 739 3041; x_wconf 77' lang='grc' dir='ltr'>σεαυτᾷἶ</span> <span class='ocrx_word' id='word_1_474' title='bbox 751 3000 848 3041; x_wconf 87' lang='grc' dir='ltr'>νόμους</span> <span class='ocrx_word' id='word_1_475' title='bbox 863 3003 898 3032; x_wconf 83' lang='grc' dir='ltr'>Β.</span> <span class='ocrx_word' id='word_1_476' title='bbox 912 3001 1006 3041; x_wconf 67' lang='grc' dir='ltr'>ἐαυτῷ</span> 
     </span>
    </p>
   </div>
   <div class='ocr_carea' id='block_1_14' title="bbox 1033 1082 1776 1543">
    <p class='ocr_par' dir='ltr' id='par_1_27' title="bbox 1033 1082 1776 1543">
     <span class='ocr_line' id='line_1_76' title="bbox 1034 1082 1746 1124; baseline 0.003 -12"><span class='ocrx_word' id='word_1_477' title='bbox 1034 1084 1098 1117; x_wconf 80' lang='grc' dir='ltr'>τοὺς</span> <span class='ocrx_word' id='word_1_478' title='bbox 1113 1082 1210 1123; x_wconf 87' lang='grc' dir='ltr'>νόμους</span> <span class='ocrx_word' id='word_1_479' title='bbox 1225 1084 1272 1113; x_wconf 91' lang='grc' dir='ltr'>Μ.</span> <span class='ocrx_word' id='word_1_480' title='bbox 1306 1085 1335 1114; x_wconf 88' lang='lat'>9.</span> <span class='ocrx_word' id='word_1_481' title='bbox 1350 1083 1518 1124; x_wconf 78' lang='grc' dir='ltr'>ἀνωμότοις]</span> <span class='ocrx_word' id='word_1_482' title='bbox 1538 1083 1683 1124; x_wconf 77' lang='grc' dir='ltr'>ἀνομότοις</span> <span class='ocrx_word' id='word_1_483' title='bbox 1698 1094 1746 1124; x_wconf 84' lang='lat' dir='ltr'>pr.</span> 
     </span>
     <span class='ocr_line' id='line_1_77' title="bbox 1035 1125 1744 1169; baseline 0.003 -14"><span class='ocrx_word' id='word_1_484' title='bbox 1035 1126 1074 1156; x_wconf 91' lang='grc' dir='ltr'>Β.</span> <span class='ocrx_word' id='word_1_485' title='bbox 1107 1128 1155 1156; x_wconf 84' lang='grc'>12.</span> <span class='ocrx_word' id='word_1_486' title='bbox 1173 1126 1222 1156; x_wconf 73' lang='grc' dir='ltr'>καὶ</span> <span class='ocrx_word' id='word_1_487' title='bbox 1236 1125 1326 1165; x_wconf 81' lang='grc' dir='ltr'>λέγων</span> <span class='ocrx_word' id='word_1_488' title='bbox 1347 1126 1462 1168; x_wconf 71' lang='grc' dir='ltr'>χρῆναι]</span> <span class='ocrx_word' id='word_1_489' title='bbox 1487 1126 1536 1156; x_wconf 76' lang='grc' dir='ltr'>καὶ</span> <span class='ocrx_word' id='word_1_490' title='bbox 1555 1128 1579 1157; x_wconf 81' lang='grc' dir='ltr'>εἲ</span> <span class='ocrx_word' id='word_1_491' title='bbox 1595 1137 1628 1166; x_wconf 88' lang='grc' dir='ltr'>γε</span> <span class='ocrx_word' id='word_1_492' title='bbox 1646 1129 1744 1169; x_wconf 72' lang='grc' dir='ltr'>χρῆναι</span> 
     </span>
     <span class='ocr_line' id='line_1_78' title="bbox 1035 1166 1746 1211; baseline 0.004 -13"><span class='ocrx_word' id='word_1_493' title='bbox 1035 1169 1072 1198; x_wconf 89' lang='grc' dir='ltr'>Β.</span> <span class='ocrx_word' id='word_1_494' title='bbox 1087 1168 1133 1199; x_wconf 91' lang='grc' dir='ltr'>Μ.</span> <span class='ocrx_word' id='word_1_495' title='bbox 1158 1172 1207 1200; x_wconf 87' lang='lat'>15.</span> <span class='ocrx_word' id='word_1_496' title='bbox 1224 1166 1340 1210; x_wconf 67' lang='grc' dir='ltr'>ᾠχόμην</span> <span class='ocrx_word' id='word_1_497' title='bbox 1354 1169 1387 1201; x_wconf 77' lang='grc' dir='ltr'>ἂν</span> <span class='ocrx_word' id='word_1_498' title='bbox 1401 1170 1506 1211; x_wconf 74' lang='grc' dir='ltr'>ἀπιὼν]</span> <span class='ocrx_word' id='word_1_499' title='bbox 1520 1169 1637 1211; x_wconf 73' lang='grc' dir='ltr'>ᾤχόμην</span> <span class='ocrx_word' id='word_1_500' title='bbox 1655 1171 1746 1201; x_wconf 73' lang='grc' dir='ltr'>ἀπιὼν</span> 
     </span>
     <span class='ocr_line' id='line_1_79' title="bbox 1034 1211 1744 1254; baseline 0.003 -13"><span class='ocrx_word' id='word_1_501' title='bbox 1034 1212 1079 1241; x_wconf 90' lang='grc' dir='ltr'>Μ.</span> <span class='ocrx_word' id='word_1_502' title='bbox 1103 1211 1187 1241; x_wconf 86' lang='lat' dir='ltr'><strong>lbid.</strong></span> <span class='ocrx_word' id='word_1_503' title='bbox 1199 1211 1316 1252; x_wconf 73' lang='grc' dir='ltr'>ἁσπερεῖ</span> <span class='ocrx_word' id='word_1_504' title='bbox 1330 1211 1448 1254; x_wconf 77' lang='grc' dir='ltr'>ἄκοντά]</span> <span class='ocrx_word' id='word_1_505' title='bbox 1466 1213 1502 1246; x_wconf 78' lang='grc' dir='ltr'>ὡς</span> <span class='ocrx_word' id='word_1_506' title='bbox 1513 1213 1688 1250; x_wconf 73' lang='grc' dir='ltr'>ωεριίικοντίι</span> <span class='ocrx_word' id='word_1_507' title='bbox 1699 1214 1744 1243; x_wconf 93' lang='grc' dir='ltr'>Μ.</span> 
     </span>
     <span class='ocr_line' id='line_1_80' title="bbox 1034 1253 1746 1296; baseline 0.004 -13"><span class='ocrx_word' id='word_1_508' title='bbox 1034 1255 1087 1284; x_wconf 88' lang='grc'>16.</span> <span class='ocrx_word' id='word_1_509' title='bbox 1100 1253 1203 1294; x_wconf 74' lang='grc' dir='ltr'>διέφερε</span> <span class='ocrx_word' id='word_1_510' title='bbox 1219 1255 1314 1296; x_wconf 72' lang='grc' dir='ltr'>τῆςδε]</span> <span class='ocrx_word' id='word_1_511' title='bbox 1330 1253 1435 1295; x_wconf 72' lang='grc' dir='ltr'>διέφερε</span> <span class='ocrx_word' id='word_1_512' title='bbox 1451 1253 1602 1296; x_wconf 84' lang='grc' dir='ltr'>στέρεσθαι</span> <span class='ocrx_word' id='word_1_513' title='bbox 1616 1255 1695 1291; x_wconf 70' lang='grc' dir='ltr'>τῆς-δε</span> <span class='ocrx_word' id='word_1_514' title='bbox 1708 1257 1746 1286; x_wconf 83' lang='grc' dir='ltr'>Β.</span> 
     </span>
     <span class='ocr_line' id='line_1_81' title="bbox 1033 1295 1745 1340; baseline 0.004 -14"><span class='ocrx_word' id='word_1_515' title='bbox 1033 1295 1136 1337; x_wconf 75' lang='grc' dir='ltr'>διέφερε</span> <span class='ocrx_word' id='word_1_516' title='bbox 1244 1296 1318 1327; x_wconf 82' lang='grc' dir='ltr'>σθαι</span> <span class='ocrx_word' id='word_1_517' title='bbox 1330 1298 1408 1332; x_wconf 75' lang='grc' dir='ltr'>τῐῖςδε</span> <span class='ocrx_word' id='word_1_518' title='bbox 1423 1299 1469 1336; x_wconf 87' lang='grc' dir='ltr'>Μ.</span> <span class='ocrx_word' id='word_1_519' title='bbox 1506 1301 1557 1330; x_wconf 86' lang='grc'>18.</span> <span class='ocrx_word' id='word_1_520' title='bbox 1572 1297 1667 1337; x_wconf 76' lang='grc' dir='ltr'>ὅφλειν</span> <span class='ocrx_word' id='word_1_521' title='bbox 1679 1299 1745 1340; x_wconf 78' lang='grc' dir='ltr'>τὴν]</span> 
     </span>
     <span class='ocr_line' id='line_1_82' title="bbox 1033 1372 1744 1414; baseline 0.003 -12"><span class='ocrx_word' id='word_1_522' title='bbox 1033 1372 1124 1413; x_wconf 77' lang='grc' dir='ltr'>όφλειν</span> <span class='ocrx_word' id='word_1_523' title='bbox 1137 1373 1254 1414; x_wconf 71' lang='grc' dir='ltr'>(ὢφλειν</span> <span class='ocrx_word' id='word_1_524' title='bbox 1270 1373 1332 1413; x_wconf 84' lang='lat' dir='ltr'><strong>pr.)</strong></span> <span class='ocrx_word' id='word_1_525' title='bbox 1345 1372 1410 1404; x_wconf 72' lang='grc' dir='ltr'>εἶναι</span> <span class='ocrx_word' id='word_1_526' title='bbox 1425 1375 1474 1405; x_wconf 75' lang='grc' dir='ltr'>τὴν</span> <span class='ocrx_word' id='word_1_527' title='bbox 1487 1374 1526 1404; x_wconf 90' lang='grc' dir='ltr'>Β.</span> <span class='ocrx_word' id='word_1_528' title='bbox 1559 1374 1642 1404; x_wconf 83' lang='lat' dir='ltr'><strong>lbid.</strong></span> <span class='ocrx_word' id='word_1_529' title='bbox 1654 1372 1744 1414; x_wconf 73' lang='grc' dir='ltr'>οὕτω]</span> 
     </span>
     <span class='ocr_line' id='line_1_83' title="bbox 1034 1415 1743 1457; baseline 0 -11"><span class='ocrx_word' id='word_1_530' title='bbox 1034 1417 1118 1446; x_wconf 80' lang='grc' dir='ltr'>τοῦτο</span> <span class='ocrx_word' id='word_1_531' title='bbox 1129 1418 1167 1446; x_wconf 88' lang='grc' dir='ltr'>Β.</span> <span class='ocrx_word' id='word_1_532' title='bbox 1175 1417 1268 1456; x_wconf 77' lang='grc' dir='ltr'>τούτῳ</span> <span class='ocrx_word' id='word_1_533' title='bbox 1281 1416 1328 1446; x_wconf 85' lang='grc' dir='ltr'>Μ.</span> <span class='ocrx_word' id='word_1_534' title='bbox 1359 1419 1410 1446; x_wconf 94' lang='grc'>21.</span> <span class='ocrx_word' id='word_1_535' title='bbox 1420 1417 1477 1457; x_wconf 90' lang='grc' dir='ltr'>με]</span> <span class='ocrx_word' id='word_1_536' title='bbox 1489 1415 1543 1457; x_wconf 79' lang='grc' dir='ltr'>ἐμὲ</span> <span class='ocrx_word' id='word_1_537' title='bbox 1555 1416 1657 1447; x_wconf 84' lang='lat' dir='ltr'><strong>Bekk.</strong></span> <span class='ocrx_word' id='word_1_538' title='bbox 1690 1418 1743 1448; x_wconf 88' lang='grc'>25.</span> 
     </span>
     <span class='ocr_line' id='line_1_84' title="bbox 1033 1458 1746 1499; baseline 0.001 -11"><span class='ocrx_word' id='word_1_539' title='bbox 1033 1459 1134 1492; x_wconf 80' lang='grc' dir='ltr'>αὐτοὺς</span> <span class='ocrx_word' id='word_1_540' title='bbox 1144 1459 1211 1490; x_wconf 79' lang='grc' dir='ltr'>εῖναι</span> <span class='ocrx_word' id='word_1_541' title='bbox 1223 1458 1281 1499; x_wconf 80' lang='grc' dir='ltr'>ἀεὶ]</span> <span class='ocrx_word' id='word_1_542' title='bbox 1294 1458 1394 1494; x_wconf 78' lang='grc' dir='ltr'>αὐτοὺς</span> <span class='ocrx_word' id='word_1_543' title='bbox 1405 1459 1450 1489; x_wconf 80' lang='grc' dir='ltr'>ἀεῖ</span> <span class='ocrx_word' id='word_1_544' title='bbox 1461 1461 1500 1490; x_wconf 92' lang='grc' dir='ltr'>Β.</span> <span class='ocrx_word' id='word_1_545' title='bbox 1531 1462 1584 1491; x_wconf 88' lang='grc'>29.</span> <span class='ocrx_word' id='word_1_546' title='bbox 1592 1469 1746 1499; x_wconf 76' lang='grc' dir='ltr'>καταμαν-</span> 
     </span>
     <span class='ocr_line' id='line_1_85' title="bbox 1034 1500 1776 1543; baseline 0.003 -13"><span class='ocrx_word' id='word_1_547' title='bbox 1034 1500 1134 1542; x_wconf 79' lang='grc' dir='ltr'>θάνειν]</span> <span class='ocrx_word' id='word_1_548' title='bbox 1164 1500 1378 1538; x_wconf 78' lang='grc' dir='ltr'>καταθεμένους</span> <span class='ocrx_word' id='word_1_549' title='bbox 1410 1500 1556 1543; x_wconf 81' lang='grc' dir='ltr'>μανθάνειν</span> <span class='ocrx_word' id='word_1_550' title='bbox 1583 1503 1630 1533; x_wconf 91' lang='grc' dir='ltr'>Μ.</span> <span class='ocrx_word' id='word_1_551' title='bbox 1673 1513 1747 1542; x_wconf 72' lang='lat' dir='ltr'><strong>pen,</strong></span> <span class='ocrx_word' id='word_1_552' title='bbox 1770 1531 1776 1536; x_wconf 87' lang='grc'>,</span> 
     </span>
    </p>
   </div>
   <div class='ocr_carea' id='block_1_15' title="bbox 1243 1541 1379 1546">
    <p class='ocr_par' dir='ltr' id='par_1_28' title="bbox 1243 1541 1379 1546">
     <span class='ocr_line' id='line_1_86' title="bbox 1243 1541 1379 1546; baseline 0 0"><span class='ocrx_word' id='word_1_553' title='bbox 1243 1541 1379 1546; x_wconf 95' lang='lat' dir='ltr'> </span> 
     </span>
    </p>
   </div>
   <div class='ocr_carea' id='block_1_16' title="bbox 1034 1571 1767 1807">
    <p class='ocr_par' dir='ltr' id='par_1_29' title="bbox 1034 1571 1767 1807">
     <span class='ocr_line' id='line_1_87' title="bbox 1292 1571 1528 1587; baseline 0.004 -2"><span class='ocrx_word' id='word_1_554' title='bbox 1292 1571 1342 1587; x_wconf 66' lang='grc' dir='ltr'>’ἴου</span> <span class='ocrx_word' id='word_1_555' title='bbox 1497 1571 1528 1586; x_wconf 78' lang='grc' dir='ltr'>ου</span> 
     </span>
     <span class='ocr_line' id='line_1_88' title="bbox 1034 1593 1767 1636; baseline 0.003 -14"><span class='ocrx_word' id='word_1_556' title='bbox 1034 1594 1083 1623; x_wconf 75' lang='grc' dir='ltr'>τοῦ</span> <span class='ocrx_word' id='word_1_557' title='bbox 1098 1593 1266 1634; x_wconf 84' lang='grc' dir='ltr'>κατηγόρου]</span> <span class='ocrx_word' id='word_1_558' title='bbox 1289 1596 1343 1624; x_wconf 74' lang='grc' dir='ltr'>τῶν</span> <span class='ocrx_word' id='word_1_559' title='bbox 1365 1594 1523 1636; x_wconf 79' lang='grc' dir='ltr'>κατηγόρων</span> <span class='ocrx_word' id='word_1_560' title='bbox 1537 1595 1576 1626; x_wconf 93' lang='grc' dir='ltr'>Β.</span> <span class='ocrx_word' id='word_1_561' title='bbox 1601 1595 1656 1626; x_wconf 80' lang='lat' dir='ltr'><strong>ult.</strong></span> <span class='ocrx_word' id='word_1_562' title='bbox 1669 1594 1746 1625; x_wconf 74' lang='grc' dir='ltr'>διδά-</span> <span class='ocrx_word' id='word_1_563' title='bbox 1761 1630 1767 1635; x_wconf 45' lang='grc'><strong><em>1</em></strong></span> 
     </span>
     <span class='ocr_line' id='line_1_89' title="bbox 1034 1635 1538 1677; baseline 0.006 -11"><span class='ocrx_word' id='word_1_564' title='bbox 1034 1635 1128 1677; x_wconf 81' lang='grc' dir='ltr'>ξουσι]</span> <span class='ocrx_word' id='word_1_565' title='bbox 1145 1637 1280 1677; x_wconf 71' lang='grc' dir='ltr'>διδάξουσι</span> <span class='ocrx_word' id='word_1_566' title='bbox 1293 1637 1340 1668; x_wconf 89' lang='grc' dir='ltr'>Μ.</span> <span class='ocrx_word' id='word_1_567' title='bbox 1532 1638 1538 1641; x_wconf 62' lang='grc'><em>”</em></span> 
     </span>
     <span class='ocr_line' id='line_1_90' title="bbox 1077 1678 1744 1720; baseline -0.001 -10"><span class='ocrx_word' id='word_1_568' title='bbox 1077 1690 1109 1719; x_wconf 84' lang='grc' dir='ltr'>ρ.</span> <span class='ocrx_word' id='word_1_569' title='bbox 1125 1682 1176 1712; x_wconf 88' lang='grc'>90.</span> <span class='ocrx_word' id='word_1_570' title='bbox 1192 1681 1223 1710; x_wconf 89' lang='grc'>5.</span> <span class='ocrx_word' id='word_1_571' title='bbox 1237 1679 1372 1719; x_wconf 79' lang='grc' dir='ltr'>μέγιστά</span> <span class='ocrx_word' id='word_1_572' title='bbox 1385 1679 1452 1720; x_wconf 89' lang='grc' dir='ltr'>μοι]</span> <span class='ocrx_word' id='word_1_573' title='bbox 1475 1691 1527 1720; x_wconf 83' lang='grc' dir='ltr'>μοι</span> <span class='ocrx_word' id='word_1_574' title='bbox 1548 1678 1683 1719; x_wconf 82' lang='grc' dir='ltr'>μέγιστα</span> <span class='ocrx_word' id='word_1_575' title='bbox 1706 1681 1744 1710; x_wconf 84' lang='grc' dir='ltr'>Β.</span> 
     </span>
     <span class='ocr_line' id='line_1_91' title="bbox 1037 1721 1745 1763; baseline -0.001 -10"><span class='ocrx_word' id='word_1_576' title='bbox 1037 1724 1066 1753; x_wconf 87' lang='grc'>9.</span> <span class='ocrx_word' id='word_1_577' title='bbox 1082 1721 1234 1763; x_wconf 82' lang='grc' dir='ltr'>ὑπελίπου]</span> <span class='ocrx_word' id='word_1_578' title='bbox 1250 1723 1410 1755; x_wconf 71' lang='grc' dir='ltr'>ὑπελείπου</span> <span class='ocrx_word' id='word_1_579' title='bbox 1421 1733 1468 1762; x_wconf 90' lang='lat' dir='ltr'>pr.</span> <span class='ocrx_word' id='word_1_580' title='bbox 1486 1723 1522 1752; x_wconf 86' lang='lat' dir='ltr'>B.</span> <span class='ocrx_word' id='word_1_581' title='bbox 1550 1725 1602 1753; x_wconf 85' lang='lat'>13.</span> <span class='ocrx_word' id='word_1_582' title='bbox 1618 1723 1652 1753; x_wconf 68' lang='grc' dir='ltr'>ἂν</span> <span class='ocrx_word' id='word_1_583' title='bbox 1662 1722 1745 1762; x_wconf 79' lang='grc' dir='ltr'>ἀξιώ-</span> 
     </span>
     <span class='ocr_line' id='line_1_92' title="bbox 1035 1762 1744 1807; baseline 0.003 -13"><span class='ocrx_word' id='word_1_584' title='bbox 1035 1765 1108 1805; x_wconf 89' lang='grc' dir='ltr'>σεις]</span> <span class='ocrx_word' id='word_1_585' title='bbox 1132 1765 1164 1796; x_wconf 79' lang='grc' dir='ltr'>ἂν</span> <span class='ocrx_word' id='word_1_586' title='bbox 1179 1765 1299 1807; x_wconf 75' lang='grc' dir='ltr'>ἀξιώσῃς</span> <span class='ocrx_word' id='word_1_587' title='bbox 1316 1776 1363 1805; x_wconf 87' lang='lat' dir='ltr'>pr.</span> <span class='ocrx_word' id='word_1_588' title='bbox 1384 1766 1421 1795; x_wconf 93' lang='lat' dir='ltr'>B.</span> <span class='ocrx_word' id='word_1_589' title='bbox 1445 1762 1481 1795; x_wconf 77' lang='grc' dir='ltr'>αῧ</span> <span class='ocrx_word' id='word_1_590' title='bbox 1496 1764 1626 1804; x_wconf 77' lang='grc' dir='ltr'>ἀξιώσεις</span> <span class='ocrx_word' id='word_1_591' title='bbox 1641 1766 1744 1796; x_wconf 79' lang='lat' dir='ltr'><strong>Bekk.</strong></span> 
     </span>
    </p>
   </div>
   <div class='ocr_carea' id='block_1_17' title="bbox 1036 1806 1805 1848">
    <p class='ocr_par' dir='ltr' id='par_1_30' title="bbox 1036 1806 1805 1848">
     <span class='ocr_line' id='line_1_93' title="bbox 1036 1806 1805 1848; baseline 0 -10"><span class='ocrx_word' id='word_1_592' title='bbox 1036 1809 1087 1839; x_wconf 83' lang='lat'>15.</span> <span class='ocrx_word' id='word_1_593' title='bbox 1109 1807 1191 1848; x_wconf 75' lang='grc' dir='ltr'>ἡμῖν]</span> <span class='ocrx_word' id='word_1_594' title='bbox 1215 1809 1280 1847; x_wconf 78' lang='grc' dir='ltr'>ὑμῖν</span> <span class='ocrx_word' id='word_1_595' title='bbox 1302 1810 1342 1838; x_wconf 91' lang='grc' dir='ltr'>Β.</span> <span class='ocrx_word' id='word_1_596' title='bbox 1357 1810 1402 1839; x_wconf 93' lang='grc' dir='ltr'>Μ.</span> <span class='ocrx_word' id='word_1_597' title='bbox 1440 1806 1619 1847; x_wconf 56' lang='lat' dir='ltr'>mimam}</span> <span class='ocrx_word' id='word_1_598' title='bbox 1634 1809 1745 1847; x_wconf 80' lang='grc' dir='ltr'>ἀποφυ-</span> <span class='ocrx_word' id='word_1_599' title='bbox 1801 1825 1805 1829; x_wconf 53' lang='lat'><strong>⁴</strong></span> 
     </span>
    </p>
   </div>
   <div class='ocr_carea' id='block_1_18' title="bbox 1033 1848 1783 3044">
    <p class='ocr_par' dir='ltr' id='par_1_31' title="bbox 1033 1848 1747 2138">
     <span class='ocr_line' id='line_1_94' title="bbox 1035 1848 1746 1890; baseline 0 -10"><span class='ocrx_word' id='word_1_600' title='bbox 1035 1851 1129 1889; x_wconf 78' lang='grc' dir='ltr'>γοῦσιν</span> <span class='ocrx_word' id='word_1_601' title='bbox 1144 1851 1156 1880; x_wconf 84' lang='grc' dir='ltr'><strong><em>ὁ</em></strong></span> <span class='ocrx_word' id='word_1_602' title='bbox 1172 1850 1257 1885; x_wconf 77' lang='grc' dir='ltr'>αὐτὸς</span> <span class='ocrx_word' id='word_1_603' title='bbox 1271 1848 1385 1885; x_wconf 76' lang='grc' dir='ltr'>κίνδυνος</span> <span class='ocrx_word' id='word_1_604' title='bbox 1399 1849 1597 1885; x_wconf 78' lang='grc' dir='ltr'>ὑπολείπεται,</span> <span class='ocrx_word' id='word_1_605' title='bbox 1609 1850 1702 1890; x_wconf 70' lang='grc' dir='ltr'>τούτῳ</span> <span class='ocrx_word' id='word_1_606' title='bbox 1717 1849 1746 1880; x_wconf 71' lang='grc' dir='ltr'>δὲ</span> 
     </span>
     <span class='ocr_line' id='line_1_95' title="bbox 1035 1891 1747 1934; baseline -0.004 -10"><span class='ocrx_word' id='word_1_607' title='bbox 1035 1894 1122 1924; x_wconf 80' lang='grc' dir='ltr'>πάλιν</span> <span class='ocrx_word' id='word_1_608' title='bbox 1134 1893 1172 1927; x_wconf 81' lang='grc' dir='ltr'>εἷς</span> <span class='ocrx_word' id='word_1_609' title='bbox 1183 1895 1260 1933; x_wconf 69' lang='grc' dir='ltr'>ἡμᾶς</span> <span class='ocrx_word' id='word_1_610' title='bbox 1271 1892 1427 1934; x_wconf 77' lang='grc' dir='ltr'>ἐπηρεάζειν</span> <span class='ocrx_word' id='word_1_611' title='bbox 1438 1892 1571 1932; x_wconf 80' lang='grc' dir='ltr'>ἒξέσται;</span> <span class='ocrx_word' id='word_1_612' title='bbox 1586 1891 1646 1932; x_wconf 81' lang='grc' dir='ltr'>ἔτι]</span> <span class='ocrx_word' id='word_1_613' title='bbox 1662 1893 1747 1932; x_wconf 62' lang='grc' dir='ltr'>ἅπαξ</span> 
     </span>
     <span class='ocr_line' id='line_1_96' title="bbox 1034 1934 1745 1977; baseline 0 -12"><span class='ocrx_word' id='word_1_614' title='bbox 1034 1935 1165 1966; x_wconf 80' lang='grc' dir='ltr'>τουτουσὶ</span> <span class='ocrx_word' id='word_1_615' title='bbox 1188 1934 1308 1966; x_wconf 83' lang='grc' dir='ltr'>πείσασι</span> <span class='ocrx_word' id='word_1_616' title='bbox 1322 1936 1533 1977; x_wconf 68' lang='grc' dir='ltr'>κατείργασται</span> <span class='ocrx_word' id='word_1_617' title='bbox 1551 1935 1571 1964; x_wconf 78' lang='grc' dir='ltr'>ἃ</span> <span class='ocrx_word' id='word_1_618' title='bbox 1585 1934 1745 1972; x_wconf 80' lang='grc' dir='ltr'>Βούλεσθε,</span> 
     </span>
     <span class='ocr_line' id='line_1_97' title="bbox 1034 1977 1746 2018; baseline -0.001 -9"><span class='ocrx_word' id='word_1_619' title='bbox 1034 1977 1098 2018; x_wconf 78' lang='grc' dir='ltr'>ἐμοὶ</span> <span class='ocrx_word' id='word_1_620' title='bbox 1110 1978 1134 2008; x_wconf 70' lang='grc' dir='ltr'>θ’</span> <span class='ocrx_word' id='word_1_621' title='bbox 1146 1977 1230 2017; x_wconf 75' lang='grc' dir='ltr'>ἅπαξ</span> <span class='ocrx_word' id='word_1_622' title='bbox 1240 1978 1415 2018; x_wconf 73' lang='grc' dir='ltr'>ἀποφυγόντι</span> <span class='ocrx_word' id='word_1_623' title='bbox 1429 1977 1538 2012; x_wconf 78' lang='grc' dir='ltr'>όαῦτός</span> <span class='ocrx_word' id='word_1_624' title='bbox 1549 1978 1663 2013; x_wconf 77' lang='grc' dir='ltr'>κίνδυνος</span> <span class='ocrx_word' id='word_1_625' title='bbox 1674 1979 1746 2008; x_wconf 82' lang='grc' dir='ltr'>ἀπο·</span> 
     </span>
     <span class='ocr_line' id='line_1_98' title="bbox 1035 2019 1745 2062; baseline 0 -12"><span class='ocrx_word' id='word_1_626' title='bbox 1035 2021 1165 2052; x_wconf 86' lang='grc' dir='ltr'>λείπεται</span> <span class='ocrx_word' id='word_1_627' title='bbox 1187 2019 1388 2062; x_wconf 80' lang='grc' dir='ltr'>(ὑπολείπεται</span> <span class='ocrx_word' id='word_1_628' title='bbox 1414 2020 1499 2062; x_wconf 83' lang='lat' dir='ltr'><strong>pr.);</strong></span> <span class='ocrx_word' id='word_1_629' title='bbox 1522 2019 1566 2051; x_wconf 77' lang='grc' dir='ltr'>ἔτι</span> <span class='ocrx_word' id='word_1_630' title='bbox 1591 2022 1626 2051; x_wconf 87' lang='grc' dir='ltr'>Β.</span> <span class='ocrx_word' id='word_1_631' title='bbox 1654 2019 1745 2059; x_wconf 64' lang='grc' dir='ltr'>ἅπαξ</span> 
     </span>
     <span class='ocr_line' id='line_1_99' title="bbox 1033 2062 1743 2103; baseline 0.001 -10"><span class='ocrx_word' id='word_1_632' title='bbox 1033 2063 1216 2103; x_wconf 68' lang='grc' dir='ltr'>ἀποφυγόντι</span> <span class='ocrx_word' id='word_1_633' title='bbox 1238 2064 1251 2094; x_wconf 83' lang='grc' dir='ltr'>ὅ</span> <span class='ocrx_word' id='word_1_634' title='bbox 1273 2063 1357 2099; x_wconf 74' lang='grc' dir='ltr'>αὐτὸς</span> <span class='ocrx_word' id='word_1_635' title='bbox 1385 2063 1500 2097; x_wconf 72' lang='grc' dir='ltr'>κίνδυνος</span> <span class='ocrx_word' id='word_1_636' title='bbox 1527 2062 1743 2094; x_wconf 63' lang='grc' dir='ltr'>ἀπολείπεται.</span> 
     </span>
     <span class='ocr_line' id='line_1_100' title="bbox 1034 2106 1136 2138; baseline 0.02 -2"><span class='ocrx_word' id='word_1_637' title='bbox 1034 2106 1078 2137; x_wconf 82' lang='grc' dir='ltr'>ἐ’τι</span> <span class='ocrx_word' id='word_1_638' title='bbox 1092 2109 1136 2138; x_wconf 93' lang='grc' dir='ltr'>Μ.</span> 
     </span>
    </p>

    <p class='ocr_par' dir='ltr' id='par_1_32' title="bbox 1033 2148 1783 2532">
     <span class='ocr_line' id='line_1_101' title="bbox 1077 2148 1761 2191; baseline 0 -11"><span class='ocrx_word' id='word_1_639' title='bbox 1077 2160 1108 2189; x_wconf 89' lang='lat' dir='ltr'>p.</span> <span class='ocrx_word' id='word_1_640' title='bbox 1125 2152 1177 2181; x_wconf 88' lang='lat'>91.</span> <span class='ocrx_word' id='word_1_641' title='bbox 1192 2154 1223 2180; x_wconf 90' lang='lat'>1.</span> <span class='ocrx_word' id='word_1_642' title='bbox 1237 2149 1374 2191; x_wconf 80' lang='grc' dir='ltr'>ἐπέλιπε]</span> <span class='ocrx_word' id='word_1_643' title='bbox 1395 2148 1528 2181; x_wconf 76' lang='grc' dir='ltr'>ἐπέλειπε</span> <span class='ocrx_word' id='word_1_644' title='bbox 1542 2160 1590 2189; x_wconf 74' lang='lat' dir='ltr'>pr.</span> <span class='ocrx_word' id='word_1_645' title='bbox 1603 2150 1637 2179; x_wconf 88' lang='lat' dir='ltr'>B.</span> <span class='ocrx_word' id='word_1_646' title='bbox 1662 2148 1744 2180; x_wconf 83' lang='lat' dir='ltr'><strong>lbid.</strong></span> <span class='ocrx_word' id='word_1_647' title='bbox 1758 2150 1761 2152; x_wconf 81' lang='grc'><strong>’</strong></span> 
     </span>
     <span class='ocr_line' id='line_1_102' title="bbox 1033 2192 1743 2233; baseline -0.001 -11"><span class='ocrx_word' id='word_1_648' title='bbox 1033 2192 1227 2233; x_wconf 75' lang='grc' dir='ltr'>ὠφελεῖσθαι]</span> <span class='ocrx_word' id='word_1_649' title='bbox 1246 2193 1414 2233; x_wconf 67' lang='grc' dir='ltr'>ὠφελῆσθαι</span> <span class='ocrx_word' id='word_1_650' title='bbox 1442 2194 1488 2233; x_wconf 75' lang='grc' dir='ltr'>Β.</span> <span class='ocrx_word' id='word_1_651' title='bbox 1520 2194 1551 2223; x_wconf 86' lang='grc'>3.</span> <span class='ocrx_word' id='word_1_652' title='bbox 1568 2192 1743 2233; x_wconf 77' lang='grc' dir='ltr'>διαπράσσε-</span> 
     </span>
     <span class='ocr_line' id='line_1_103' title="bbox 1035 2233 1744 2277; baseline 0 -13"><span class='ocrx_word' id='word_1_653' title='bbox 1035 2234 1102 2265; x_wconf 85' lang='grc' dir='ltr'>σθαι</span> <span class='ocrx_word' id='word_1_654' title='bbox 1118 2237 1290 2277; x_wconf 81' lang='grc' dir='ltr'>τάμαυτοῧ]</span> <span class='ocrx_word' id='word_1_655' title='bbox 1311 2233 1540 2276; x_wconf 76' lang='grc' dir='ltr'>διαπράσσεσθαι</span> <span class='ocrx_word' id='word_1_656' title='bbox 1553 2233 1679 2275; x_wconf 79' lang='grc' dir='ltr'>ἔμαυτόν</span> <span class='ocrx_word' id='word_1_657' title='bbox 1689 2235 1744 2264; x_wconf 76' lang='grc' dir='ltr'>τά-</span> 
     </span>
     <span class='ocr_line' id='line_1_104' title="bbox 1033 2277 1745 2319; baseline -0.001 -11"><span class='ocrx_word' id='word_1_658' title='bbox 1033 2279 1149 2318; x_wconf 80' lang='grc' dir='ltr'>μαυτοῦ</span> <span class='ocrx_word' id='word_1_659' title='bbox 1162 2279 1199 2308; x_wconf 94' lang='grc' dir='ltr'>Β.</span> <span class='ocrx_word' id='word_1_660' title='bbox 1212 2279 1257 2309; x_wconf 94' lang='grc' dir='ltr'>Μ.</span> <span class='ocrx_word' id='word_1_661' title='bbox 1272 2279 1366 2319; x_wconf 80' lang='grc' dir='ltr'><strong>διαπρ.</strong></span> <span class='ocrx_word' id='word_1_662' title='bbox 1381 2277 1464 2309; x_wconf 74' lang='grc' dir='ltr'>αὐτὸν</span> <span class='ocrx_word' id='word_1_663' title='bbox 1477 2278 1633 2317; x_wconf 77' lang='grc' dir='ltr'>τάμαυτοῦ</span> <span class='ocrx_word' id='word_1_664' title='bbox 1645 2278 1745 2308; x_wconf 79' lang='lat' dir='ltr'><strong>Bekk.</strong></span> 
     </span>
     <span class='ocr_line' id='line_1_105' title="bbox 1035 2319 1783 2362; baseline -0.003 -10"><span class='ocrx_word' id='word_1_665' title='bbox 1035 2324 1065 2352; x_wconf 86' lang='lat'>6.</span> <span class='ocrx_word' id='word_1_666' title='bbox 1080 2321 1204 2362; x_wconf 86' lang='grc' dir='ltr'>τούτοις]</span> <span class='ocrx_word' id='word_1_667' title='bbox 1221 2322 1281 2356; x_wconf 78' lang='grc' dir='ltr'>τοῖς</span> <span class='ocrx_word' id='word_1_668' title='bbox 1295 2332 1343 2361; x_wconf 78' lang='grc' dir='ltr'><strong>ρι’.</strong></span> <span class='ocrx_word' id='word_1_669' title='bbox 1359 2323 1398 2351; x_wconf 91' lang='grc' dir='ltr'>Β.</span> <span class='ocrx_word' id='word_1_670' title='bbox 1417 2321 1462 2351; x_wconf 86' lang='grc' dir='ltr'>Μ.</span> <span class='ocrx_word' id='word_1_671' title='bbox 1492 2323 1524 2350; x_wconf 86' lang='lat'>7.</span> <span class='ocrx_word' id='word_1_672' title='bbox 1538 2321 1586 2361; x_wconf 84' lang='grc' dir='ltr'>γε]</span> <span class='ocrx_word' id='word_1_673' title='bbox 1599 2330 1631 2350; x_wconf 87' lang='grc' dir='ltr'>τε</span> <span class='ocrx_word' id='word_1_674' title='bbox 1645 2319 1744 2350; x_wconf 82' lang='lat' dir='ltr'><strong>Bekk.</strong></span> <span class='ocrx_word' id='word_1_675' title='bbox 1780 2329 1783 2330; x_wconf 51' lang='lat'><em>⁷</em></span> 
     </span>
     <span class='ocr_line' id='line_1_106' title="bbox 1035 2362 1743 2405; baseline -0.001 -11"><span class='ocrx_word' id='word_1_676' title='bbox 1035 2364 1116 2395; x_wconf 86' lang='lat' dir='ltr'><strong>lbid.</strong></span> <span class='ocrx_word' id='word_1_677' title='bbox 1133 2363 1319 2405; x_wconf 80' lang='grc' dir='ltr'>περιέσεισαν]</span> <span class='ocrx_word' id='word_1_678' title='bbox 1337 2362 1496 2405; x_wconf 88' lang='grc' dir='ltr'>περιέθεσαν</span> <span class='ocrx_word' id='word_1_679' title='bbox 1511 2363 1552 2393; x_wconf 90' lang='lat' dir='ltr'>B.-</span> <span class='ocrx_word' id='word_1_680' title='bbox 1578 2365 1608 2393; x_wconf 92' lang='lat'>9.</span> <span class='ocrx_word' id='word_1_681' title='bbox 1624 2362 1743 2404; x_wconf 78' lang='grc' dir='ltr'>οὑτωσὶ]</span> 
     </span>
     <span class='ocr_line' id='line_1_107' title="bbox 1035 2403 1746 2447; baseline -0.003 -11"><span class='ocrx_word' id='word_1_682' title='bbox 1035 2407 1126 2437; x_wconf 73' lang='grc' dir='ltr'>οὑτοσὶ</span> <span class='ocrx_word' id='word_1_683' title='bbox 1145 2408 1189 2437; x_wconf 91' lang='grc' dir='ltr'>Μ.</span> <span class='ocrx_word' id='word_1_684' title='bbox 1217 2407 1300 2438; x_wconf 81' lang='lat' dir='ltr'><strong>lbid.</strong></span> <span class='ocrx_word' id='word_1_685' title='bbox 1315 2407 1361 2447; x_wconf 75' lang='grc' dir='ltr'>δὴ]</span> <span class='ocrx_word' id='word_1_686' title='bbox 1386 2404 1427 2436; x_wconf 69' lang='grc' dir='ltr'>οὖν</span> <span class='ocrx_word' id='word_1_687' title='bbox 1445 2406 1490 2436; x_wconf 91' lang='grc' dir='ltr'>Μ.</span> <span class='ocrx_word' id='word_1_688' title='bbox 1517 2405 1600 2435; x_wconf 80' lang='lat' dir='ltr'><strong>lbid.</strong></span> <span class='ocrx_word' id='word_1_689' title='bbox 1615 2403 1662 2446; x_wconf 67' lang='grc' dir='ltr'>ἂν]</span> <span class='ocrx_word' id='word_1_690' title='bbox 1682 2403 1746 2440; x_wconf 80' lang='grc' dir='ltr'>ἕλος</span> 
     </span>
     <span class='ocr_line' id='line_1_108' title="bbox 1036 2447 1746 2490; baseline -0.003 -10"><span class='ocrx_word' id='word_1_691' title='bbox 1036 2451 1071 2480; x_wconf 83' lang='grc' dir='ltr'>Β.</span> <span class='ocrx_word' id='word_1_692' title='bbox 1088 2451 1132 2480; x_wconf 92' lang='lat' dir='ltr'>M.</span> <span class='ocrx_word' id='word_1_693' title='bbox 1164 2452 1215 2480; x_wconf 88' lang='grc'>19.</span> <span class='ocrx_word' id='word_1_694' title='bbox 1230 2449 1403 2490; x_wconf 63' lang='grc' dir='ltr'>ἀπολύσων]</span> <span class='ocrx_word' id='word_1_695' title='bbox 1419 2449 1582 2487; x_wconf 77' lang='grc' dir='ltr'>ἄπολυτρῶν</span> <span class='ocrx_word' id='word_1_696' title='bbox 1594 2447 1664 2477; x_wconf 84' lang='lat' dir='ltr'><strong>ded.</strong></span> <span class='ocrx_word' id='word_1_697' title='bbox 1681 2448 1746 2478; x_wconf 80' lang='lat' dir='ltr'><strong>vid.</strong></span> 
     </span>
     <span class='ocr_line' id='line_1_109' title="bbox 1034 2491 1629 2532; baseline -0.008 -9"><span class='ocrx_word' id='word_1_698' title='bbox 1034 2503 1080 2532; x_wconf 86' lang='lat' dir='ltr'>pr.</span> <span class='ocrx_word' id='word_1_699' title='bbox 1101 2494 1136 2523; x_wconf 85' lang='grc' dir='ltr'>Β.</span> <span class='ocrx_word' id='word_1_700' title='bbox 1174 2493 1228 2523; x_wconf 85' lang='lat' dir='ltr'><strong>ult.</strong></span> <span class='ocrx_word' id='word_1_701' title='bbox 1245 2493 1309 2527; x_wconf 74' lang='grc' dir='ltr'>τοὺς</span> <span class='ocrx_word' id='word_1_702' title='bbox 1323 2502 1380 2522; x_wconf 91' lang='lat' dir='ltr'>om.</span> <span class='ocrx_word' id='word_1_703' title='bbox 1399 2491 1444 2521; x_wconf 90' lang='lat' dir='ltr'>M.</span> <span class='ocrx_word' id='word_1_704' title='bbox 1626 2514 1629 2518; x_wconf 86' lang='lat'>.</span> 
     </span>
    </p>

    <p class='ocr_par' dir='ltr' id='par_1_33' title="bbox 1034 2532 1745 2873">
     <span class='ocr_line' id='line_1_110' title="bbox 1077 2532 1745 2576; baseline -0.003 -10"><span class='ocrx_word' id='word_1_705' title='bbox 1077 2548 1106 2575; x_wconf 88' lang='lat' dir='ltr'>p.</span> <span class='ocrx_word' id='word_1_706' title='bbox 1123 2538 1174 2566; x_wconf 74' lang='lat'>92.</span> <span class='ocrx_word' id='word_1_707' title='bbox 1189 2537 1221 2565; x_wconf 80' lang='lat'>3.</span> <span class='ocrx_word' id='word_1_708' title='bbox 1241 2534 1377 2576; x_wconf 80' lang='grc' dir='ltr'>χειμῶνι]</span> <span class='ocrx_word' id='word_1_709' title='bbox 1394 2535 1504 2574; x_wconf 77' lang='grc' dir='ltr'>χειμῶν</span> <span class='ocrx_word' id='word_1_710' title='bbox 1520 2534 1591 2563; x_wconf 71' lang='lat' dir='ltr'>AM.</span> <span class='ocrx_word' id='word_1_711' title='bbox 1628 2537 1657 2565; x_wconf 88' lang='lat'>8.</span> <span class='ocrx_word' id='word_1_712' title='bbox 1673 2532 1745 2564; x_wconf 78' lang='grc' dir='ltr'>καθ’</span> 
     </span>
     <span class='ocr_line' id='line_1_111' title="bbox 1034 2576 1745 2618; baseline -0.001 -12"><span class='ocrx_word' id='word_1_713' title='bbox 1034 2577 1130 2618; x_wconf 75' lang='grc' dir='ltr'>αὐτὸν]</span> <span class='ocrx_word' id='word_1_714' title='bbox 1147 2577 1215 2607; x_wconf 85' lang='grc' dir='ltr'>κατ’</span> <span class='ocrx_word' id='word_1_715' title='bbox 1230 2576 1311 2607; x_wconf 76' lang='grc' dir='ltr'>αὐτὸν</span> <span class='ocrx_word' id='word_1_716' title='bbox 1333 2578 1368 2606; x_wconf 84' lang='grc' dir='ltr'>Β.</span> <span class='ocrx_word' id='word_1_717' title='bbox 1385 2578 1427 2606; x_wconf 90' lang='lat' dir='ltr'>M.</span> <span class='ocrx_word' id='word_1_718' title='bbox 1449 2576 1522 2606; x_wconf 69' lang='lat' dir='ltr'><strong>Aid.</strong></span> <span class='ocrx_word' id='word_1_719' title='bbox 1551 2577 1581 2606; x_wconf 89' lang='lat'>9.</span> <span class='ocrx_word' id='word_1_720' title='bbox 1597 2577 1745 2617; x_wconf 70' lang='grc' dir='ltr'>πραγμά-</span> 
     </span>
     <span class='ocr_line' id='line_1_112' title="bbox 1034 2619 1743 2660; baseline -0.004 -9"><span class='ocrx_word' id='word_1_721' title='bbox 1034 2633 1090 2651; x_wconf 87' lang='grc' dir='ltr'>των</span> <span class='ocrx_word' id='word_1_722' title='bbox 1111 2619 1210 2660; x_wconf 78' lang='grc' dir='ltr'>ἕνεκεν]</span> <span class='ocrx_word' id='word_1_723' title='bbox 1227 2619 1304 2650; x_wconf 79' lang='grc' dir='ltr'>ἕνεκα</span> <span class='ocrx_word' id='word_1_724' title='bbox 1325 2619 1514 2659; x_wconf 65' lang='grc' dir='ltr'>πραγμάτων</span> <span class='ocrx_word' id='word_1_725' title='bbox 1537 2619 1576 2649; x_wconf 93' lang='grc' dir='ltr'>Β.</span> <span class='ocrx_word' id='word_1_726' title='bbox 1603 2619 1743 2659; x_wconf 75' lang='grc' dir='ltr'>πραγμά-</span> 
     </span>
     <span class='ocr_line' id='line_1_113' title="bbox 1034 2658 1744 2704; baseline -0.003 -11"><span class='ocrx_word' id='word_1_727' title='bbox 1034 2674 1090 2693; x_wconf 83' lang='grc' dir='ltr'>των</span> <span class='ocrx_word' id='word_1_728' title='bbox 1106 2664 1149 2693; x_wconf 92' lang='grc' dir='ltr'>Μ.</span> <span class='ocrx_word' id='word_1_729' title='bbox 1175 2663 1256 2693; x_wconf 81' lang='lat' dir='ltr'><strong>lbid.</strong></span> <span class='ocrx_word' id='word_1_730' title='bbox 1270 2660 1328 2692; x_wconf 82' lang='grc' dir='ltr'>οὔτ’</span> <span class='ocrx_word' id='word_1_731' title='bbox 1339 2659 1394 2701; x_wconf 66' lang='grc' dir='ltr'>οὖν]</span> <span class='ocrx_word' id='word_1_732' title='bbox 1412 2659 1470 2691; x_wconf 66' lang='grc' dir='ltr'>οὔτ’</span> <span class='ocrx_word' id='word_1_733' title='bbox 1485 2658 1521 2690; x_wconf 70' lang='grc' dir='ltr'>αὖ</span> <span class='ocrx_word' id='word_1_734' title='bbox 1539 2663 1574 2692; x_wconf 84' lang='grc' dir='ltr'>Β.</span> <span class='ocrx_word' id='word_1_735' title='bbox 1605 2664 1656 2691; x_wconf 90' lang='grc'>10.</span> <span class='ocrx_word' id='word_1_736' title='bbox 1673 2660 1744 2704; x_wconf 75' lang='grc' dir='ltr'>ἰγῶ]</span> 
     </span>
     <span class='ocr_line' id='line_1_114' title="bbox 1034 2703 1745 2745; baseline -0.003 -10"><span class='ocrx_word' id='word_1_737' title='bbox 1034 2705 1111 2744; x_wconf 74' lang='grc' dir='ltr'>τέγὼ</span> <span class='ocrx_word' id='word_1_738' title='bbox 1133 2716 1178 2744; x_wconf 84' lang='lat' dir='ltr'>pr.</span> <span class='ocrx_word' id='word_1_739' title='bbox 1198 2707 1233 2735; x_wconf 91' lang='lat' dir='ltr'>B.</span> <span class='ocrx_word' id='word_1_740' title='bbox 1280 2706 1330 2735; x_wconf 82' lang='lat'>13.</span> <span class='ocrx_word' id='word_1_741' title='bbox 1353 2703 1540 2745; x_wconf 72' lang='grc' dir='ltr'>μετάβασις]</span> <span class='ocrx_word' id='word_1_742' title='bbox 1563 2703 1745 2743; x_wconf 76' lang='grc' dir='ltr'>μετέκβασις</span> 
     </span>
     <span class='ocr_line' id='line_1_115' title="bbox 1036 2745 1743 2788; baseline -0.004 -9"><span class='ocrx_word' id='word_1_743' title='bbox 1036 2759 1115 2779; x_wconf 85' lang='lat' dir='ltr'><strong>corr.</strong></span> <span class='ocrx_word' id='word_1_744' title='bbox 1129 2750 1163 2779; x_wconf 91' lang='lat' dir='ltr'>B.</span> <span class='ocrx_word' id='word_1_745' title='bbox 1194 2752 1244 2780; x_wconf 87' lang='grc'>16.</span> <span class='ocrx_word' id='word_1_746' title='bbox 1255 2746 1435 2788; x_wconf 77' lang='grc' dir='ltr'>μετέβημεν]</span> <span class='ocrx_word' id='word_1_747' title='bbox 1448 2745 1606 2787; x_wconf 67' lang='grc' dir='ltr'>μετέθηκεν</span> <span class='ocrx_word' id='word_1_748' title='bbox 1617 2747 1665 2776; x_wconf 74' lang='lat' dir='ltr'>M.</span> <span class='ocrx_word' id='word_1_749' title='bbox 1691 2750 1743 2780; x_wconf 89' lang='lat'>19.</span> 
     </span>
     <span class='ocr_line' id='line_1_116' title="bbox 1035 2787 1744 2832; baseline -0.003 -10"><span class='ocrx_word' id='word_1_750' title='bbox 1035 2790 1216 2832; x_wconf 76' lang='grc' dir='ltr'>μετέβημεν]</span> <span class='ocrx_word' id='word_1_751' title='bbox 1233 2789 1430 2831; x_wconf 77' lang='grc' dir='ltr'>μετιξέβημεν</span> <span class='ocrx_word' id='word_1_752' title='bbox 1447 2791 1482 2820; x_wconf 88' lang='grc' dir='ltr'>Β.</span> <span class='ocrx_word' id='word_1_753' title='bbox 1515 2792 1567 2820; x_wconf 80' lang='lat'>20.</span> <span class='ocrx_word' id='word_1_754' title='bbox 1580 2787 1669 2823; x_wconf 74' lang='grc' dir='ltr'>ἐκβὰς</span> <span class='ocrx_word' id='word_1_755' title='bbox 1678 2789 1744 2830; x_wconf 79' lang='grc' dir='ltr'>τοῦ]</span> 
     </span>
     <span class='ocr_line' id='line_1_117' title="bbox 1035 2831 1721 2873; baseline -0.003 -9"><span class='ocrx_word' id='word_1_756' title='bbox 1035 2833 1124 2869; x_wconf 77' lang='grc' dir='ltr'>ἐκβὰς</span> <span class='ocrx_word' id='word_1_757' title='bbox 1139 2833 1171 2864; x_wconf 80' lang='grc' dir='ltr'>ἐκ</span> <span class='ocrx_word' id='word_1_758' title='bbox 1185 2835 1234 2864; x_wconf 85' lang='grc' dir='ltr'>τοῦ</span> <span class='ocrx_word' id='word_1_759' title='bbox 1251 2835 1289 2864; x_wconf 91' lang='grc' dir='ltr'>Β.</span> <span class='ocrx_word' id='word_1_760' title='bbox 1317 2833 1369 2865; x_wconf 84' lang='grc'>25.</span> <span class='ocrx_word' id='word_1_761' title='bbox 1385 2831 1519 2873; x_wconf 75' lang='grc' dir='ltr'>ἄγγελον]</span> <span class='ocrx_word' id='word_1_762' title='bbox 1535 2831 1656 2870; x_wconf 72' lang='grc' dir='ltr'>ἅγγελος</span> <span class='ocrx_word' id='word_1_763' title='bbox 1674 2831 1721 2862; x_wconf 83' lang='grc' dir='ltr'>Μ.</span> 
     </span>
    </p>

    <p class='ocr_par' dir='ltr' id='par_1_34' title="bbox 1036 2873 1744 3044">
     <span class='ocr_line' id='line_1_118' title="bbox 1081 2873 1744 2917; baseline -0.003 -10"><span class='ocrx_word' id='word_1_764' title='bbox 1081 2888 1111 2916; x_wconf 88' lang='lat' dir='ltr'>p.</span> <span class='ocrx_word' id='word_1_765' title='bbox 1128 2879 1180 2909; x_wconf 75' lang='lat'>93.</span> <span class='ocrx_word' id='word_1_766' title='bbox 1198 2880 1227 2906; x_wconf 89' lang='lat'>1.</span> <span class='ocrx_word' id='word_1_767' title='bbox 1243 2875 1396 2907; x_wconf 64' lang='grc' dir='ltr'>ἀκόλουθον</span> <span class='ocrx_word' id='word_1_768' title='bbox 1407 2874 1488 2917; x_wconf 74' lang='lat' dir='ltr'><strong>(sic)</strong></span> <span class='ocrx_word' id='word_1_769' title='bbox 1501 2875 1539 2905; x_wconf 82' lang='lat' dir='ltr'>B.</span> <span class='ocrx_word' id='word_1_770' title='bbox 1570 2878 1601 2906; x_wconf 83' lang='lat'>4.</span> <span class='ocrx_word' id='word_1_771' title='bbox 1612 2873 1744 2916; x_wconf 72' lang='grc' dir='ltr'>ἄλλοθεν]</span> 
     </span>
     <span class='ocr_line' id='line_1_119' title="bbox 1036 2915 1742 2958; baseline 0 -10"><span class='ocrx_word' id='word_1_772' title='bbox 1036 2920 1142 2950; x_wconf 77' lang='grc' dir='ltr'>ἄλλοθι</span> <span class='ocrx_word' id='word_1_773' title='bbox 1170 2920 1208 2950; x_wconf 91' lang='grc' dir='ltr'>Β.</span> <span class='ocrx_word' id='word_1_774' title='bbox 1254 2920 1335 2950; x_wconf 78' lang='lat' dir='ltr'><strong>lbid.</strong></span> <span class='ocrx_word' id='word_1_775' title='bbox 1359 2919 1448 2953; x_wconf 77' lang='grc' dir='ltr'>πλοῦς</span> <span class='ocrx_word' id='word_1_776' title='bbox 1463 2928 1507 2948; x_wconf 45' lang='grc' dir='ltr'>,τε</span> <span class='ocrx_word' id='word_1_777' title='bbox 1536 2918 1604 2956; x_wconf 72' lang='grc' dir='ltr'>ἦμῖν</span> <span class='ocrx_word' id='word_1_778' title='bbox 1625 2915 1742 2958; x_wconf 73' lang='grc' dir='ltr'>ὖγίνιτο]</span> 
     </span>
     <span class='ocr_line' id='line_1_120' title="bbox 1036 2969 1167 3002; baseline 0.008 -8"><span class='ocrx_word' id='word_1_779' title='bbox 1036 2969 1124 3002; x_wconf 75' lang='grc' dir='ltr'>πλοῦς</span> <span class='ocrx_word' id='word_1_780' title='bbox 1137 2979 1167 2995; x_wconf 78' lang='grc' dir='ltr'>τε</span> 
     </span>
     <span class='ocr_line' id='line_1_121' title="bbox 1037 2999 1744 3044; baseline -0.004 -11"><span class='ocrx_word' id='word_1_781' title='bbox 1037 3004 1084 3033; x_wconf 77' lang='grc' dir='ltr'>καῖ</span> <span class='ocrx_word' id='word_1_782' title='bbox 1108 3003 1195 3038; x_wconf 86' lang='grc' dir='ltr'>πλόος</span> <span class='ocrx_word' id='word_1_783' title='bbox 1214 3004 1283 3044; x_wconf 71' lang='grc' dir='ltr'>ημῖν</span> <span class='ocrx_word' id='word_1_784' title='bbox 1307 3001 1411 3040; x_wconf 78' lang='grc' dir='ltr'>ἐγένετο</span> <span class='ocrx_word' id='word_1_785' title='bbox 1436 3003 1480 3034; x_wconf 93' lang='grc' dir='ltr'>Μ.</span> <span class='ocrx_word' id='word_1_786' title='bbox 1515 3004 1545 3032; x_wconf 84' lang='grc'>6.</span> <span class='ocrx_word' id='word_1_787' title='bbox 1567 2999 1744 3043; x_wconf 81' lang='grc' dir='ltr'>παρέξομαι]</span> 
     </span>
    </p>
   </div>
  </div>
 </body>
</html>
