1818 3189
213 189 284 243 56

642 193 1222 240 ΑΝΤΙΦΩΝΤΟΣ

212 309 416 377 α’τυχῖας
459 305 841 360 οἷνακλαύσασθαι
888 331 993 382 προς
1031 331 1167 376 υμας,
1211 305 1363 374 οἷπορῶ
1407 305 1465 366 εἷς
1505 307 1657 364 ἥντινα

212 383 358 447 α’λλην
377 381 594 457 σωτηρίαν
611 379 703 456 χρή
718 405 775 452 με
796 391 1093 447 καταφυγεῖν.
1123 404 1374 433 καινοτατα
1394 380 1485 456 ’γοὶξ
1505 379 1657 443 ¹3²7—-

215 457 252 510 εἷ
268 458 366 549 χρὴ
400 458 652 509 καινότατα
689 457 868 526 μᾶλλον
891 457 918 518 ἢ
942 453 1296 549 κακουργότατα
1322 453 1543 508 εἷπεῒν-
1560 454 1656 507 δια·
1673 474 1726 511 25

215 530 450 584 ἔάλλουσί

477 554 551 602 με.
581 530 817 621 κατήγοροι
852 554 945 622 *γαρ
977 527 1056 582 noa}
1083 553 1262 619 τιμωξοι
1287 528 1407 593 φονου
1433 553 1658 622 προσ-ποι-

213 605 378 677 ου’μενοι
415 628 540 669 ειναι,
572 604 1057 699 υπεξαπολογούμενοι
1068 628 1147 666 της
1168 602 1377 671 υποψῖας
1399 627 1551 666 πασης
1583 628 1662 666 της

214 679 432 743 αληθοῧς,
467 677 541 732 δια
557 679 654 772 ῳτῆν
679 678 879 755 οἷποξῖαν
912 702 989 732 του
1026 677 1377 737 ἀποκτείναντος
1409 702 1545 731 αυτον
1582 700 1659 749 εμε

217 754 349 818 φονεά
373 753 513 819 φασιν
537 750 660 807 εῖναι·
702 752 881 822 δρωντες
913 751 956 806 δε
989 751 1212 806 τοῖναντῖα
1238 777 1290 804 ων
1315 775 1662 820 προσ-τετακται

121 843 200 879 651
218 830 388 892 αὔτοῖς,
416 829 591 898 φανερον
613 826 680 881 ‘ort
704 826 909 887 οἷὸικως’
893 853 968 899 εμε
991 828 1170 897 μᾶλλον
1196 826 1475 880 ἀποκτεῖναι
1504 825 1662 900 ζητου-

219 925 288 956 σιν
310 903 340 966 ἢ
364 928 439 956 τον
466 903 596 968 φονεα
629 904 942 973 τιμωρεῖσθαι.

983 900 1058 972 ἔμε
1046 900 1126 954 Σὲ
1153 924 1368 988 oreon-mesu
1402 898 1517 954 οὐδὲν
1539 901 1663 954 οἵλλο
1679 916 1732 952 3ο

218 977 247 1040 ἢ
276 1002 386 1071 προς
421 1002 500 1040 την
517 976 781 1070 μαρτυρίαν
807 1000 886 1029 του
919 974 1170 1028 ἀκολούθου
1207 974 1575 1042 οἷπολογηθῆναν
1617 998 1664 1028 ου

219 1075 312 1120 ’γαρ
362 1052 554 1123 μηνυτῆς
604 1048 698 1103 ουδ’
735 1048 982 1144 &heym-⁴133
1025 1074 1109 1102 των
1151 1049 1516 1102 οἷποκτειναντων
1558 1046 1665 1119 εἶμι,

220 1124 353 1179 οἷλλα
377 1123 629 1197 διωκόμενος
652 1123 970 1216 ἀποκρίνομαι.
1009 1124 1125 1194 ὅμως
1145 1120 1187 1176 δὲ
1200 1123 1573 1215 περιεργαστέον,
1595 1122 1669 1177 ἶνα

222 1200 274 1253 ἔκ
300 1223 474 1259 παντος
497 1200 654 1286 τρόπου
679 1198 858 1259 τούτους
893 1221 942 1251 τε
979 1197 1340 1257 ἓπιζουλεύοντας
1371 1221 1445 1268 μοι
1480 1196 1670 1267 εμαυτὸν

223 1298 274 1327 τε
298 1273 594 1345 οἷπολυόμενον
621 1271 826 1339 επιὸεἶξω
852 1297 929 1336 της
951 1269 1170 1340 υποψῖας.

1248 1272 1343 1334 Τῆν
1368 1295 1445 1343 μεν
1465 1272 1533 1324 οἷ’ἶν
1556 1295 1671 1325 ατυ-

223 1372 356 1415 χιαν,
382 1374 407 1419 ’ῃ
442 1371 500 1419 με
537 1346 879 1410 διαβαλλουσιν,
919 1345 976 1406 εἷς
1016 1346 1233 1413 εὐτυχίαν
1269 1345 1484 1417 αἷτοῧμαι
1523 1369 1672 1418 μετα-

225 1425 400 1487 στῆναι·
441 1421 557 1489 α’ξιῶ
583 1420 627 1474 δ’
646 1422 763 1494 ὑμᾶς
787 1419 1119 1481 οἷπολύσαντοές
1136 1444 1194 1493 με
1214 1421 1473 1496 μακαρία-αι
1493 1424 1673 1492 μᾶλλον
1690 1436 1743 1472 35

601 1514 610 1533 ¹
628 1513 726 1542 Deest
740 1511 782 1542 δή.

225 1574 278 1615 qui
294 1574 457 1605 dictionem
473 1575 551 1604 hanc
573 1585 612 1604 ex
629 1584 664 1603 eo
679 1573 836 1603 defensum
854 1578 934 1608 eant,

224 1619 307 1658 quod
323 1617 422 1648 Graeci
438 1618 566 1652 soleant,
581 1616 698 1646 etiamsi
721 1616 842 1646 infitiari
869 1626 931 1646 rem

226 1661 332 1697 velint,
347 1665 448 1691 tamen
474 1661 566 1690 verba
587 1660 746 1689 infitiantia
767 1659 932 1695 cumulare,

225 1715 323 1743 neque
347 1704 378 1734 id
400 1703 560 1742 impediat,
583 1702 745 1742 quominus
770 1702 867 1731 oratio
892 1702 932 1731 sit

223 1747 370 1777 infitians.
417 1748 483 1786 Ego
497 1750 598 1776 tamen
619 1746 695 1775 hanc
718 1745 865 1774 rationem
888 1744 932 1774 ni-

223 1791 281 1820 mis
296 1791 401 1820 duram
416 1799 543 1819 censens
560 1793 649 1828 atque
664 1788 854 1828 impeditam,
870 1797 931 1816 ma-

223 1833 277 1863 lim
293 1832 338 1863 sic
361 1831 442 1871 legi:
466 1831 710 1871 ἇωοστεξούμενος
734 1830 762 1861 δὲ
779 1829 827 1861 ἐπ’
842 1830 932 1860 αῧτέιῖν

225 1875 389 1916 παρ’ῥησίας,
403 1875 478 1905 ὥστε
494 1874 567 1913 μηδὲ
581 1876 635 1908 τὰς
649 1884 683 1904 π.
703 1875 732 1904 ἆ.
749 1872 932 1904 ἀνακλαύσα-

226 1918 300 1949 σθαι
317 1919 461 1959 [subaudi
477 1916 637 1959 δύνασθαι]
654 1928 711 1956 ego
734 1927 808 1947 vero
833 1918 870 1946 ab
887 1917 932 1946 his

226 1962 368 1992 libertate
383 1966 473 2001 atque
490 1961 600 1990 fiducia
615 1960 760 2000 loquendi
779 1959 932 2000 privatus,

227 2009 261 2035 nt
285 2014 323 2034 ue
348 2004 505 2034 lamentari
522 2004 644 2044 quidem
661 2009 827 2042 praesentes
851 2013 932 2033 meas

227 2047 432 2077 adversitates
446 2057 565 2086 queam.
586 2047 692 2078 lum.

269 2089 640 2131 “Τπεξοιπολογούμενοι-]
666 2089 871 2120 Patrocinium
885 2099 935 2118 su-

228 2132 374 2173 spicionis
397 2138 533 2173 agentes,
548 2133 579 2163 h.
595 2144 621 2164 e.
644 2143 661 2162 e
677 2132 861 2172 suspicione,
877 2141 936 2170 qua

229 2187 362 2216 premor,
377 2182 558 2215 extorquere
573 2176 632 2206 hoo
646 2181 801 2211 conantes,
817 2185 866 2204 me
880 2175 937 2203 ho-

229 2219 372 2249 micidam
402 2229 510 2259 reapse
546 2229 625 2248 esse.
671 2219 786 2248 Verum
816 2217 938 2247 videtur

229 2262 280 2293 hic
294 2262 353 2292 loci
370 2262 485 2301 aliquid
499 2263 608 2292 deesse
624 2265 696 2302 post
710 2259 843 2298 ὑποψίας.
865 2271 892 2290 e.
909 2271 937 2290 c.

229 2304 486 2339 ἀποπλανηθέντες
509 2305 558 2335 vel
584 2302 794 2346 διαμαρτόντες.
817 2307 849 2333 nt
872 2314 938 2333 sen-

229 2347 324 2377 tentia
335 2348 393 2377 sit:
410 2348 548 2386 quoniam
563 2358 580 2377 a
593 2356 664 2377 vera
676 2348 748 2377 sede
759 2346 940 2385 suspicionis

230 2391 416 2420 aberrarunt.
434 2389 658 2421 ἀποπλιινᾶτθαι
674 2392 725 2424 τῖς
740 2388 856 2423 ἀληθοῦς
872 2390 940 2419 ὑπο-

231 2432 312 2470 ψίας,
324 2438 383 2469 est,
398 2433 572 2472 suspicione
592 2443 647 2463 sua
663 2443 720 2463 non
733 2433 765 2462 in
782 2443 886 2462 verum
898 2432 942 2461 fa·

231 2476 345 2506 cinoris
373 2481 526 2506 auctorem
555 2475 679 2512 deferri,
711 2476 764 2506 sed
791 2475 821 2504 in
849 2475 940 2505 alium

231 2529 440 2559 quemcunque
453 2519 602 2549 insontem
620 2524 650 2549 et
666 2519 765 2558 culpae
781 2522 940 2558 expertem

231 2563 396 2592 incurrere.
419 2562 527 2592 Imm.

275 2607 333 2640 Τῆς
347 2603 484 2644 ἀληθοῦς]
509 2604 665 2634 Sententia
679 2605 745 2634 hacc
761 2609 826 2633 est:
844 2613 942 2634 remo-

235 2653 307 2678 vent
335 2652 528 2678 accusatores
559 2647 697 2677 studiose
736 2646 941 2685 suspicionem

229 2693 357 2730 justam,
371 2695 403 2721 et
418 2701 537 2721 causam
551 2700 607 2730 pro
620 2690 681 2720 illis
693 2690 810 2724 dicunt,
823 2689 853 2718 in
866 2699 904 2728 qu
909 2700 942 2719 os

233 2745 269 2764 ca
283 2734 473 2770 conveniret,
486 2739 520 2763 ut
535 2744 582 2763 me
595 2743 678 2763 reum
695 2742 839 2772 peragere
849 2731 942 2761 caedis

235 2787 271 2807 eo
297 2777 416 2808 nomine
442 2776 572 2816 possint,
599 2776 681 2816 quod
712 2785 799 2805 nemo
827 2775 878 2810 sit,
904 2775 941 2804 ad

235 2831 324 2859 quem
341 2830 377 2849 ea
392 2820 529 2860 suspicio
545 2819 707 2859 pertineat.
730 2819 884 2848 Gnssnn.

278 2862 514 2904 Πξοο-τὲταιιται]
539 2864 742 2893 Accusatores
759 2871 832 2899 ergo
853 2861 943 2899 liujus

237 2906 279 2934 rei
296 2916 312 2935 a
329 2917 393 2944 rep.
409 2906 565 2936 constituti
579 2907 709 2938 fuerant,
721 2904 875 2944 jussique,
891 2913 942 2932 no-

237 2949 316 2978 mine
333 2954 362 2978 et
377 2950 445 2979 loco
458 2948 552 2979 totius
568 2949 674 2989 populi
691 2948 721 2978 in
738 2947 832 2977 caedis
853 2947 943 2985 liujus

238 2996 376 3022 auctores
404 2992 567 3030 inquirere,
595 3002 707 3031 eosque
731 2990 889 3030 indagatus
913 2989 943 3019 in

1129 1514 1142 1533 2
1157 1509 1293 1548 ἐλεγκτῆς

966 1570 1120 1610 judicium
1135 1572 1288 1602 adducere
1310 1575 1400 1610 atque
1422 1581 1492 1602 reos
1514 1577 1675 1610 peragere.

965 1615 1115 1651 Fiscales,
1132 1620 1165 1645 ut
1187 1624 1379 1653 usurpamus,
1395 1624 1449 1644 seu
1472 1614 1592 1652 syndici
1614 1614 1676 1644 rei-

965 1658 1098 1697 publicae
1114 1662 1209 1693 erant,
1225 1657 1406 1688 auctoritate
1422 1661 1545 1687 senatus
1567 1661 1598 1687 et
1619 1667 1675 1696 po-

965 1701 1028 1740 puli
1042 1700 1209 1730 constituti.
1235 1701 1355 1730 Rmsx.

1008 1743 1158 1783 Πξοσ-ῖῖιιεν]
1179 1742 1287 1773 Malim
1309 1743 1430 1782 πςοσῖἰκε
1451 1740 1518 1781 μὲν,
1539 1743 1580 1771 ob
1594 1741 1674 1772 inse-

965 1796 1061 1826 quens
1089 1796 1181 1816 versu
1211 1788 1263 1815 12.
1294 1783 1370 1824 ὅμως
1397 1784 1426 1815 δὲ
1453 1784 1674 1826 περιεργαστέον.

966 1829 1085 1859 tametsi
1107 1840 1163 1858 non
1180 1829 1303 1858 tenebar
1319 1829 1355 1857 ad
1372 1828 1466 1857 ullum
1483 1828 1563 1857 aliud
1580 1832 1674 1867 caput

965 1872 1166 1902 accusationis
1184 1871 1382 1911 respondere,
1402 1881 1491 1910 quam
1518 1870 1558 1900 ad
1570 1887 1614 1893 -—
1628 1870 1674 1901 ni-

966 1916 1129 1946 hilominus
1157 1920 1256 1944 tamen
1287 1914 1356 1953 plus
1390 1914 1555 1953 praestabo,
1582 1924 1674 1953 quam

966 1959 1126 1989 debebam.
1149 1959 1252 1988 Imm.

1009 2000 1174 2040 Ἐλεγκτῆς]
1220 2001 1372 2030 Gesnerus
1410 1998 1586 2040 adscripsit,
1620 2010 1675 2039 pro

967 2043 1086 2083 ἔλεγκτῆ
1097 2045 1157 2085 lego
1172 2042 1322 2082 ἔλεγκτῆς,
1330 2043 1396 2072 licet
1405 2041 1501 2072 adhuc
1511 2052 1572 2072 non
1582 2052 1675 2082 agno-

967 2093 1049 2118 scant
1072 2087 1148 2117 illud
1172 2086 1345 2116 vocabulum
1366 2095 1465 2115 eornm
1480 2085 1603 2121 indices,
1619 2085 1674 2114 sed

968 2130 1050 2160 idem
1063 2132 1126 2170 jam
1137 2130 1255 2170 recepit
1271 2128 1488 2158 Hanoviensis.
1504 2127 1675 2158 Hace-ru.

1012 2173 1057 2207 Εἷς
1080 2171 1211 2214 εὐτυχίαν
1236 2172 1374 2210 αἰτοῦμαι
1384 2171 1442 2212 -]
1481 2170 1616 2210 Simplex
1645 2174 1677 2200 et

971 2227 1043 2246 vera
1067 2217 1097 2246 h.
1123 2216 1143 2245 1.
1170 2215 1382 2253 interpretatio
1408 2215 1473 2244 haec
1497 2218 1562 2243 est:
1589 2214 1679 2252 Rogo

971 2270 1079 2289 numen
1096 2258 1304 2293 Infelicitatis,
1325 2268 1341 2287 e
1363 2258 1450 2295 cujus
1464 2255 1629 2286 iracundia
1643 2255 1676 2285 iu

972 2314 1019 2332 me
1035 2302 1182 2332 saeviente
1203 2302 1235 2331 hi
1251 2301 1325 2330 mihi
1346 2299 1491 2330 invidiam
1514 2299 1677 2328 conflatum

973 2351 1055 2380 eunt,
1066 2349 1100 2374 ut
1114 2349 1250 2374 naturam
1263 2353 1346 2374 suam
1356 2346 1488 2378 mutare,
1494 2342 1525 2372 h.
1535 2352 1563 2371 e.
1574 2345 1677 2380 partes

974 2399 1042 2418 suas
1059 2398 1127 2418 cum
1151 2388 1288 2427 partibus
1310 2385 1480 2416 Felicitatis
1503 2388 1678 2424 permutare

975 2431 1059 2461 velit.
1071 2441 1110 2469 με
1113 2430 1339 2461 -rarrnmtbene
1351 2429 1451 2458 habet.
1462 2426 1679 2467 opponitenim

975 2474 1114 2514 sophista
1128 2473 1206 2503 inter
1229 2483 1260 2503 se
1285 2471 1343 2501 ista
1362 2471 1434 2505 duo,
1453 2472 1502 2501 τὴν
1530 2468 1681 2510 Ἀτυχίαν,

975 2527 1044 2556 quae
1061 2527 1169 2546 numen
1185 2520 1241 2549 est,
1257 2521 1288 2544 et
1304 2513 1680 2552 ὑμᾶς,]α(1ἰοε3.1ὶειεκ.

1017 2559 1195 2599 Μακαξίπιι]
1233 2559 1309 2587 Fert
1337 2557 1460 2596 quidem
1488 2556 1565 2586 ratio
1591 2565 1681 2585 voca-

976 2602 1051 2639 buli,
1067 2607 1111 2637 ut,
1127 2612 1186 2631 non
1209 2600 1262 2630 illo
1286 2600 1401 2639 vulgari
1419 2599 1603 2638 significatu,
1618 2597 1682 2628 bea-

975 2651 1038 2676 tum
1052 2646 1177 2684 aliqttem
1192 2643 1381 2683 praeclicandi,
1391 2643 1444 2672 sed
1455 2652 1503 2675 ee,
1513 2651 1601 2681 quem
1616 2650 1683 2671 seu-

976 2688 1070 2718 tentia
1085 2687 1145 2717 loci
1162 2686 1296 2725 subjicit,
1309 2685 1423 2715 beatum
1435 2685 1589 2720 reddendi,
1604 2683 1686 2714 acci-

974 2731 1086 2770 piatur.
1096 2729 1258 2770 quominus
1269 2733 1367 2758 autem
1383 2729 1409 2758 1ι.
1420 2729 1440 2758 l.
1453 2729 1495 2758 sic
1509 2727 1685 2766 accipiatur,

977 2775 1076 2804 obstat
1104 2774 1267 2812 insequens
1295 2769 1358 2801 ἕλεν
1343 2784 1420 2803 rma.
1464 2771 1559 2801 Foret
1581 2770 1685 2808 utique

976 2816 1218 2851 convenientius,
1238 2815 1263 2845 si
1289 2815 1333 2844 sic
1353 2813 1551 2854 protulisset:
1576 2811 1686 2844 ἀπολύ-

977 2858 1084 2893 σαντείς
1100 2869 1140 2898 με
1150 2870 1249 2899 saxna?
1239 2857 1330 2889 ισ-τὲν
1342 2869 1405 2888 που·
1392 2859 1456 2888 ’ἶσαι
1469 2857 1595 2897 μᾶλλον,
1608 2854 1623 2886 ἢ
1635 2865 1688 2883 κοι-

977 2902 1159 2936 eramen-mc
1183 2900 1301 2931 ἒλεεινέν.
1326 2902 1432 2931 Iumr.

1019 2944 1165 2986 Ἐλεησιιι]
1190 2945 1319 2975 Audebo
1334 2943 1501 2978 enimvero,
1513 2940 1636 2971 tametsi
1651 2940 1689 2969 ti-

979 2988 1091 3025 midas,
1116 2989 1323 3027 conjecturam
1348 2995 1532 3027 proponere,
1560 2994 1641 3024 quae,
1663 2981 1689 3012 si
