1925 3272
470 200 820 244 ORATORUM
853 197 1239 241 GRAECORUM.
1493 196 1580 237 xvii

119 315 304 354 adversus
319 329 420 363 cum,
435 328 602 367 quocum
618 309 842 364 conspiret?
871 313 976 357 Quid
992 314 1004 350 ἓ
1028 311 1203 350 Phaeacis
1219 309 1356 355 oratio,
1372 309 1582 348 Plutarcho

119 377 234 423 lecta,
258 377 289 416 si
314 379 584 416 ostracismum
616 376 652 413 in
683 375 1009 425 disceptationem
1036 380 1226 419 vocasset,
1244 372 1477 411 Plutarchus
1502 384 1581 408 rem

119 438 337 477 confectam
359 439 575 485 habuisset,
593 451 665 476 nec
688 438 767 475 ullo
788 436 903 475 modo
922 437 1101 475 dubitare
1122 436 1328 486 potuisset,
1351 435 1452 472 sicut
1467 434 1582 471 dubi-

120 506 188 546 tat,
208 514 255 538 an
278 500 453 538 Phaeacis
478 506 610 551 partes
632 499 811 549 quaedam
833 499 871 536 in
892 499 967 536 hoc
988 498 1199 535 certamine
1226 495 1386 535 fuerint.
1444 495 1502 532 Ex
1524 494 1582 532 his
1602 489 1677 524 137

119 561 350 611 colligimus,
371 562 483 612 longe
503 561 615 599 aliam
626 573 786 611 „causam
802 561 839 598 in
855 559 1032 597 Phaeacis
1049 564 1186 596 contra
1203 557 1450 595 Alcibiadem
1465 555 1583 594 orati-

119 634 193 659 one
207 627 409 659 tractatam
426 635 524 667 esse,
540 627 657 672 atque
670 621 708 658 in
723 619 938 658 Andocidis
951 619 1124 657 oratione
1140 625 1341 657 tractatur.
1399 618 1488 662 Quo
1506 629 1583 654 uuo

118 689 346 732 argumento
394 683 638 734 Taylorianae
685 683 856 721 rationes
891 694 1025 720 omnes
1067 681 1350 719 convelluntur.
1408 684 1445 718 2.
1478 679 1585 717 Inter

118 757 267 791 causas,
301 745 445 796 quibus
473 745 654 783 exsilium
689 758 710 782 a
740 757 780 782 se
816 750 988 782 removet
1021 742 1262 788 Andocides,
1291 743 1390 780 hanc
1423 753 1583 792 quoque

118 807 227 856 ponit
246 806 334 844 adv.
355 806 550 844 Alcibiad.
571 810 603 854 ξ.
620 805 683 853 ιβ’.
713 808 742 843 εἷ
758 805 810 843 δεῖ
831 807 890 843 καὶ
910 806 951 844 τὸ
967 809 1080 854 γένος
1098 810 1264 849 σκοπεῖν,
1286 805 1368 853 ἐμοὶ
1385 803 1454 854 μὲν
1474 803 1584 841 οὖδα-

117 868 237 921 μόὲεν
257 871 429 920 προσῆκει
450 873 580 908 τούτου
597 875 660 908 τοῦ
679 869 919 921 πράγματος.
977 869 1066 914 Hic,
1087 867 1281 919 Taylorus
1303 867 1371 914 ait,
1390 873 1583 904 oratorem

119 943 240 981 genus
262 944 371 970 suum
399 930 543 969 humile
563 935 603 969 et
623 931 836 969 obscurum
859 943 1016 968 vocare:
1046 930 1163 980 idque
1184 929 1390 969 convenire
1411 928 1585 973 Phaeaci,

117 1004 255 1042 parum
283 993 396 1030 claris
427 993 639 1043 majoribus
667 999 768 1039 orto,
795 1005 873 1029 non
906 992 1118 1038 Andocidi,
1145 992 1210 1028 uni
1237 1003 1285 1028 ex
1313 989 1499 1028 Mercurii
1526 989 1586 1026 vel

119 1052 270 1104 Ulyssis
290 1053 466 1104 posteris,
485 1054 551 1103 qui
567 1053 650 1103 ipse
666 1053 791 1103 gentis
806 1066 885 1090 suae
901 1052 1334 1103 amplitudinemjactet
1353 1051 1403 1088 de
1421 1051 1587 1102 Myster.

120 1118 151 1162 ξ.
174 1115 229 1161 ιη’.
250 1114 313 1158 κζ’.
334 1115 382 1152 de
404 1114 534 1152 Redit.
554 1118 585 1161 ξ.
606 1114 645 1153 ε’.
701 1114 909 1152 Enimvero
931 1114 1089 1151 nimium
1110 1127 1252 1160 causae,
1273 1126 1386 1164 quam
1407 1125 1588 1163 suscepe-

118 1182 192 1220 rat,
217 1175 388 1213 studium
411 1175 473 1213 hic
493 1175 607 1213 etiam
629 1181 890 1213 transversum
908 1175 988 1225 egit
1009 1175 1133 1213 virum
1154 1174 1436 1213 doctissimum.
1493 1174 1586 1211 Non

116 1236 257 1286 abjicit
276 1244 407 1275 orator
429 1250 550 1287 genus
567 1251 694 1284 suum,
721 1237 788 1276 sed
806 1237 882 1275 hoc
903 1243 1052 1274 tantum
1075 1237 1185 1282 dicit,
1204 1237 1237 1275 si
1262 1243 1300 1275 et
1327 1237 1409 1287 ipse
1427 1242 1466 1273 et
1485 1235 1589 1274 Alci-

117 1298 251 1336 biades
268 1312 315 1336 ex
329 1298 687 1349 generejudicandi
704 1305 847 1346 essent,
866 1299 1061 1337 Alcibiadi
1077 1299 1346 1337 ostracismum
1364 1298 1587 1343 convenire,

117 1361 230 1411 cujus
251 1367 416 1412 uterque
439 1375 544 1408 avus,
566 1361 767 1412 Megacles
787 1367 827 1399 et
849 1361 1087 1408 Alcibiades,
1103 1361 1140 1398 iu
1161 1361 1336 1399 exsilium
1359 1361 1434 1398 sint
1455 1360 1585 1410 ejecti,

117 1435 195 1461 non
216 1422 303 1469 sibi,
327 1422 439 1472 cujus
461 1437 508 1461 ex
528 1430 642 1473 gente
673 1436 787 1461 nemo
809 1424 907 1461 hanc
928 1435 1083 1473 poenam
1108 1422 1286 1461 subierit.
1342 1422 1430 1460 Nec
1451 1435 1585 1460 verum

117 1491 189 1532 est,
205 1485 309 1536 quod
330 1484 381 1522 V.
398 1484 445 1523 C.
465 1485 573 1531 dicit,
596 1485 803 1523 Phaeacem
824 1485 994 1523 obscuro
1016 1498 1156 1535 genere
1176 1491 1304 1523 ortum
1325 1484 1454 1523 fuisse.
1485 1484 1587 1522 Nam

119 1545 351 1583 Plutarchus
372 1546 409 1583 in
430 1545 631 1584 Alcibiad.
651 1546 679 1583 l,
704 1560 739 1584 c.
762 1545 847 1595 ejus
871 1545 1037 1597 majores
1058 1547 1200 1585 diserte
1225 1550 1435 1598 γνωρίμους
1459 1554 1587 1585 vocat.

118 1612 158 1645 3.
185 1608 330 1644 Orator
349 1606 438 1644 adv.
462 1606 656 1644 Alcibiad.
678 1612 709 1654 ξ.
732 1607 789 1645 ιδ’.
811 1614 986 1646 recenset
1016 1608 1230 1658 legationes
1259 1621 1280 1645 a
1310 1621 1349 1645 se
1379 1621 1452 1658 pro
1472 1621 1587 1659 repu-

118 1667 221 1706 blica
241 1673 443 1718 Susceptas
461 1681 470 1706 ε
501 1669 576 1716 ἐγὼ
603 1667 841 1718 πρεσβεύσας
868 1672 921 1712 εἰς
941 1672 1154 1707 Θετταλίαν
1173 1672 1231 1707 καὶ
1251 1669 1496 1708 ΝῙακεδονίαν
1528 1673 1588 1707 καὶ

117 1731 170 1772 εἷς
190 1729 418 1766 Μολοσσίαν
438 1730 498 1765 καὶ
517 1731 567 1771 εἷς
587 1732 843 1780 Θεσπρωτίαν,
871 1732 933 1767 καὶ
959 1733 1010 1773 εἷς
1029 1730 1215 1775 Ἰταλίαν,
1245 1734 1304 1769 καὶ
1327 1735 1380 1774 εἰς
1398 1731 1587 1778 Σικελίαν,

117 1796 193 1828 etc.
251 1790 363 1837 Haec,
383 1790 574 1840 Tay-lorus
593 1797 725 1840 negat,
745 1791 794 1827 ab
814 1790 1022 1828 Andocide
1045 1790 1123 1828 dici
1144 1792 1332 1841 potuisse,
1354 1792 1468 1841 cujus
1490 1795 1587 1830 ἀπο·

117 1850 242 1902 δημία,
264 1864 340 1888 non
362 1850 559 1902 πρεσβεία,
580 1864 652 1902 per
671 1851 852 1900 Siciliam,
873 1851 1039 1898 Italiam,
1071 1852 1398 1902 Peloponnesum,
1419 1854 1587 1892 Thessa-

116 1912 218 1958 liam,
249 1912 565 1963 Hellespontum,
595 1911 759 1959 Ioniam‚
788 1913 977 1963 Cyprum,
1003 1926 1024 1950 a
1053 1914 1170 1963 Lysia
1195 1927 1230 1951 c.
1259 1914 1455 1952 Andocid.
1486 1919 1518 1962 ξ.
1537 1914 1588 1962 β’.

118 1980 464 2012 commemoretur:
497 1974 564 2011 sed
591 1974 725 2024 pulcre
752 1974 958 2012 convenire
988 1974 1157 2021 Phaeaci,
1184 1988 1298 2025 quem
1330 1975 1588 2026 Thucydides

121 2035 167 2073 V.
185 2039 224 2073 4.
252 2042 381 2073 narret
401 2035 571 2086 legatum
593 2036 631 2073 in
660 2036 812 2075 Italiam
838 2043 876 2081 et
902 2037 1074 2076 Siciliam
1103 2038 1260 2076 missum
1287 2051 1384 2076 esse.
1442 2039 1587 2076 Verum

119 2095 252 2135 tardus
281 2095 332 2134 sit
357 2101 526 2147 oportet,
547 2099 712 2147 quinon
732 2098 874 2144 videat,
901 2098 1068 2149 Lysiam,
1097 2105 1138 2136 ut
1159 2105 1439 2145 accusatorem,
1469 2113 1585 2151 quam

118 2157 323 2208 πρεσβείαν
342 2157 473 2196 dicere
489 2158 672 2205 debebat,
690 2158 878 2197 invidiose
894 2159 1108 2211 ἀποδημίαν
1125 2159 1270 2198 dicere.
1322 2159 1440 2204 Quod
1455 2166 1584 2200 autem
1606 2163 1685 2197 138

119 2218 169 2256 ad
182 2218 387 2257 Phaeacem
405 2220 559 2264 attinet,
580 2233 657 2257 non
671 2220 736 2257 ille
753 2220 901 2269 legatus
917 2220 1018 2258 obiit
1030 2220 1586 2269 Thessaliam,Macedoniam,

119 2279 366 2325 Molossiam‚
387 2280 677 2331 Thesprotiam,
695 2280 761 2318 sed
781 2281 898 2319 solam
918 2281 1071 2319 Italiam
1089 2288 1130 2320 et
1148 2281 1333 2333 Siciliam,
1347 2289 1465 2332 atque
1482 2284 1586 2331 inde,

117 2340 354 2392 Thucydide
373 2346 486 2386 teste,
508 2341 668 2379 domum
689 2342 860 2380 revertit.
918 2343 1037 2393 Ergo,
1052 2355 1140 2394 quae
1157 2342 1206 2381 de
1226 2343 1421 2394 legatione
1441 2346 1588 2383 Orator

118 2401 231 2447 dicit,
260 2401 311 2440 ad
338 2401 600 2448 Andocidem,
630 2415 709 2441 uon
737 2403 786 2441 ad
816 2404 1035 2450 Phaeacem,
1065 2404 1281 2444 referenda.
1336 2410 1374 2443 4.
1401 2407 1465 2452 At,
1498 2419 1588 2457 quae

119 2464 352 2503 Plutarchus
367 2478 388 2503 e
409 2465 585 2503 Phaeacis
606 2465 780 2503 oratione
802 2465 929 2512 affert,
946 2466 984 2504 in
1003 2467 1075 2504 hac
1096 2467 1315 2505 Andocidis
1330 2469 1587 2518 reperiuntur.

119 2525 198 2564 Hic
217 2526 274 2564 vir
299 2526 491 2578 egregius,
513 2527 620 2565 velut
639 2521 802 2565 victoria
823 2534 948 2579 parta,
971 2541 1093 2579 prope
1110 2529 1338 2579 juveniliter
1356 2531 1524 2568 exsultat
1549 2537 1589 2568 et

121 2588 346 2638 triumphat.
404 2589 628 2635 Enimvero,
651 2589 682 2626 si
703 2589 790 2639 quis
810 2589 910 2637 loca,
931 2603 1019 2641 quae
1041 2591 1177 2629 eadem
1198 2604 1283 2629 esse
1300 2591 1500 2638 dicuntur,
1522 2605 1588 2630 ac-

122 2650 294 2688 curatius
317 2651 418 2689 iuter
436 2664 476 2689 se
496 2658 712 2702 comparet,
743 2658 783 2689 et
802 2652 932 2690 verbis
953 2657 993 2690 et
1020 2666 1137 2691 sensu
1160 2653 1384 2704 discrepare
1404 2654 1587 2704 reperiat.

123 2709 302 2748 Phaeacis
329 2711 438 2749 locus
469 2724 492 2749 a
524 2711 740 2749 Plutarcho
775 2712 831 2750 sic
861 2712 1065 2751 laudatur:
1101 2714 1157 2752 ὅτι
1187 2721 1252 2760 τῆς
1289 2715 1434 2757 πόλεως
1463 2717 1590 2752 πολλὰ

123 2776 290 2821 πομπεῖα
309 2778 433 2824 χρυσᾶ
454 2775 514 2810 καὶ
538 2775 685 2824 ἀργυρᾶ
712 2776 940 2825 κεκτημένης,
959 2773 1203 2823 Ἀλκιβιάδης
1222 2776 1356 2826 ἐχρῆτο
1381 2780 1499 2812 πᾶσιν
1521 2777 1589 2813 αὺ-

122 2837 200 2874 τοῖς
219 2834 341 2883 ὥσπερ
359 2833 465 2877 ἰδίοις
483 2835 575 2886 πρὸς
592 2837 659 2880 τὴν
679 2834 762 2873 καθ’
781 2837 924 2888 ἡμέραν
945 2837 1105 2876 δίαιταν.
1153 2836 1372 2875 Andocidis
1394 2836 1502 2874 locus
1524 2838 1589 2876 hic

123 2899 182 2932 est.
199 2892 287 2931 adv.
308 2894 503 2933 Alcibiad.
526 2900 557 2944 ξ.
581 2896 614 2935 ι’.
636 2900 682 2935 τιὶ
711 2903 880 2948 πομπεῖα
903 2901 1006 2951 παρὰ
1028 2906 1101 2937 τῶν
1121 2897 1364 2949 ἁρχιθεωρῶν
1384 2900 1590 2951 αἰτησάμε-

124 2972 200 3005 νος,
220 2960 269 3000 ὡς
295 2958 347 3001 εἷς
366 2958 552 2998 τάπινίκια
581 2963 623 3014 τῇ
644 2964 844 3012 προτεραίᾳ
863 2969 928 3007 τῆς
948 2963 1080 3005 θυσίας
1100 2961 1346 3012 χρησόμενος,
1372 2958 1591 3009 ἐξηπάτησε,

844 3023 872 3061 d
