1818 3189
302 202 382 246 192
773 199 808 242 Ι.
839 199 969 243 ΟΤΤ.
998 198 1274 244 SLUrrERI

291 310 447 359 α’γαθῶν
476 307 621 358 ἀνδρῶν
641 304 858 358 τυγχάνων,
885 306 1008 358 διόπερ
1037 307 1211 359 σώζομαι·
1241 309 1432 350 πλείστοις
1452 305 1490 345 δὲ
1510 309 1571 345 καὶ
1588 300 1771 348 &emm-ch

290 387 368 415 τοις
387 372 537 422 ἐχθροῖς
568 370 773 420 χρώμενος,
799 369 858 420 ὕφ’
889 366 942 408 ὦν
969 368 1237 419 διαβάλλομαι.
1295 367 1340 406 Ρ.
1362 372 1427 408 30.
1448 382 1483 407 ν.
1502 372 1542 407 6.
1569 369 1747 421 Ter-ptime

290 434 568 484 ἀγωνιζόμενος
599 434 804 484 ἀπέφυγον,
820 454 872 461 -
894 432 950 470 uti
969 445 1056 470 mox
1077 444 1117 483 p.
1139 434 1204 470 33.
1235 445 1270 471 v.
1301 435 1368 470 40.
1398 432 1473 481 ἐγὼ
1499 432 1540 470 ἐν
1569 436 1617 484 τῷ
1644 437 1752 487 κοινῷ

290 497 452 546 κέκριμαι
480 494 654 545 τετράκις,
686 493 762 545 ἰδίᾳ
791 509 828 531 τε
856 493 960 532 οὐδὲν
992 494 1084 545 (leg.
1116 493 1264 542 οὐδένα)
1297 493 1500 532 διεκώλυσα
1533 493 1750 539 δικάζεσθαι

287 554 534 608 βουλόμενον·
554 555 725 606 denique
747 568 786 606 p.
802 558 866 594 34.
883 568 918 593 v.
935 558 972 592 3.
988 559 1207 599 τοσαυτάκις
1227 557 1503 607 ἀγωνιζόμενος
1522 557 1581 593 καὶ
1599 555 1747 601 δικαίως

288 620 453 664 νικήσας·
476 618 548 667 (sic
568 616 772 668 legendum
797 619 922 668 puto).
978 617 1132 668 Saepius
1159 622 1382 656 accusatum
1414 616 1677 664 Andocidem,
1698 632 1746 657 ex

287 679 381 731 ipsis
413 678 497 729 ejus
529 678 784 717 Orationibus
817 683 985 723 constat,
1017 677 1068 716 ob
1099 677 1262 716 Hermas
1290 676 1480 726 dejectos,
1514 678 1565 716 ob
1595 678 1747 718 Cereris

287 741 469 793 mysteria
489 741 660 791 vulgata,
682 739 734 778 ob
754 739 920 778 reditum
947 740 986 778 in
1014 739 1172 791 templa.
1227 739 1340 778 Conf.
1361 740 1513 791 Lysiam
1535 753 1576 791 p.
1597 744 1690 781 117.
1709 754 1746 781 v.

285 808 350 842 10.
369 816 410 854 p.
431 806 522 849 129,
543 805 616 841 &c.
673 802 774 840 Istos
794 808 922 840 autem
955 801 1173 840 Andocidis
1204 814 1316 840 casus
1336 802 1583 853 persequitur
1601 803 1747 855 Taylor

287 864 398 903 Lect.
430 865 519 916 Lys.
541 877 581 914 p.
601 868 694 909 691,
716 867 810 902 692.
864 863 908 901 Ρ.
931 866 995 901 34.
1016 875 1051 901 v.
1073 867 1111 902 5.
1141 863 1207 901 Ait
1227 876 1266 901 se
1293 863 1474 902 habuisse
1486 863 1742 904 validissimos

286 933 548 972 accusatores,
570 928 627 963 καὶ
658 927 787 974 λέγειν
811 925 871 963 καὶ
896 925 1083 978 πράττειν,
1104 924 1237 969 οἵτινες
1267 924 1329 963 δύο
1357 932 1430 964 τῶν
1448 928 1514 972 τὴν
1535 928 1649 973 αὑτὴν
1667 927 1748 978 ἐμοὶ

288 992 418 1027 αἰτίαν
439 989 605 1040 ἐχόντων
625 989 859 1027 ἀπέκτειναν.
896 988 940 1027 P.
955 991 1018 1027 32.
1037 1001 1072 1025 v.
1088 991 1126 1027 2.
1145 987 1233 1026 Τῶν
1250 990 1343 1027 νέων
1361 989 1402 1026 αἱ
1421 987 1609 1040 διατριβαὶ
1624 992 1689 1028 οὒκ
1705 990 1748 1030 ἐν

285 1056 363 1094 τοῖς
383 1054 623 1103 γυμνασίοις,
637 1051 721 1087 ἀλλ’
737 1050 777 1088 ἐν
796 1055 874 1093 τοῖς
888 1049 1136 1101 δικαστηρίοις
1154 1051 1239 1088 εἶσί·
1254 1072 1308 1079 —
1320 1049 1592 1102 δημηγοροῦσιν
1610 1052 1646 1089 οἱ
1664 1055 1754 1090 νεώ-

287 1128 395 1162 τεροι.
453 1113 553 1151 Haec
572 1111 768 1151 Andocidi
790 1110 1023 1150 conveniunt
1037 1110 1120 1161 jam
1141 1117 1220 1150 tum
1242 1111 1492 1163 provectiori,
1511 1125 1588 1150 non
1607 1112 1747 1152 Phaea-

287 1174 338 1220 ci,
368 1175 448 1223 qui,
480 1180 522 1213 ut
551 1188 571 1213 e
605 1173 817 1213 Plutarcho
832 1178 1000 1219 constat,
1020 1179 1114 1212 tunc
1139 1172 1295 1222 juvenis
1315 1178 1414 1211 erat.
1464 1174 1506 1211 P.
1527 1176 1593 1212 35.
1619 1187 1658 1214 v,
1677 1178 1745 1213 29.

287 1236 511 1284 Choragum
538 1250 579 1275 se
609 1236 739 1283 fuisse,
761 1236 947 1274 victorem
966 1235 1141 1286 εὐανδρίᾳ
1171 1235 1230 1272 καὶ
1260 1234 1433 1286 λαμπάδι
1459 1237 1520 1274 καὶ
1537 1234 1751 1288 τραγῳδοῖς.

285 1297 530 1336 Andocidem
548 1298 758 1348 choragum
775 1303 814 1335 et
830 1296 1018 1336 victorem
1037 1296 1240 1335 dedicasse
1258 1296 1427 1348 tripoda,
1443 1302 1597 1335 constat
1615 1309 1637 1335 e
1654 1297 1745 1336 Vita

286 1358 371 1413 ejus
393 1359 629 1398 Plutarchea
648 1359 686 1397 in
708 1357 829 1398 fine.''

333 1563 431 1601 Haec
451 1576 473 1601 a
493 1576 640 1602 summo
661 1561 943 1601 Valckenaerio
964 1562 1002 1599 in
1030 1561 1350 1599 Adversariorum
1372 1559 1495 1600 libros
1514 1561 1637 1599 relata
1656 1560 1741 1600 fue-

283 1631 373 1663 runt
392 1629 527 1663 aestate
551 1623 640 1662 anni
661 1627 781 1665 1756.
810 1622 859 1661 ad
893 1622 1006 1661 finem
1027 1628 1233 1673 vergente;
1265 1635 1354 1674 quae
1377 1622 1408 1661 si
1426 1622 1514 1674 quis
1543 1627 1743 1674 comparet

283 1700 370 1725 cum
399 1687 504 1725 Hist.
525 1687 623 1725 Crit.
649 1687 760 1725 Orat.
780 1687 912 1724 Graec.
933 1685 1140 1724 duodecim
1170 1691 1260 1736 post
1276 1698 1397 1724 annos
1429 1699 1452 1724 a
1483 1685 1587 1724 Clar.
1608 1684 1740 1723 Ruhn-

283 1749 398 1788 kenio
419 1750 458 1787 in
478 1750 603 1788 lucem
624 1749 729 1787 edita
750 1751 857 1798 (cum
878 1748 1010 1794 verba,
1032 1747 1171 1795 quibus
1205 1753 1367 1798 uterque
1385 1746 1532 1798 pariter
1552 1746 1685 1793 utitur,
1703 1748 1743 1785 in

282 1812 366 1850 istis
398 1811 642 1850 Adversariis
671 1811 945 1862 reperiantur),
980 1809 1094 1847 facile
1128 1808 1421 1860 animadvertet,
1453 1808 1566 1860 plura
1593 1821 1740 1855 eorum,

286 1887 376 1924 quae
395 1887 418 1912 a
433 1873 709 1912 Valckenaerio
728 1877 948 1924 acceperat,
964 1871 1005 1909 in'
1024 1884 1113 1910 suos
1132 1884 1222 1909 usus
1242 1884 1266 1909 a
1285 1870 1532 1918 Ruhnkenio,
1551 1869 1742 1923 probante

286 1934 366 1981 illo,
387 1934 505 1973 fuisse
525 1947 722 1972 conversa.

745 2208 924 2248 CAPUT
954 2207 1272 2248 SECUNDUM.

284 2303 367 2334 Belli
381 2305 478 2335 Siculi
490 2304 588 2335 initia.
629 2306 678 2335 De
693 2315 818 2336 numero
834 2304 966 2334 militum
979 2303 1151 2335 Atticorum
1165 2303 1274 2344 agitur.
1312 2302 1510 2343 Thucydides
1525 2302 1614 2334 aliter
1628 2313 1647 2334 a
1661 2303 1737 2334 Piu-

327 2348 444 2384 tarcho,
460 2348 547 2378 aliter
560 2359 576 2378 a
592 2348 731 2379 Diodoro
744 2348 928 2378 intellectus.
974 2349 1098 2378 Hermae
1110 2347 1340 2378 Atheniensium
1355 2346 1588 2378 describuntur:
1610 2356 1738 2386 maguus

328 2401 433 2420 eorum
451 2401 602 2426 numerus,
619 2397 650 2421 et
669 2391 793 2431 publice
810 2396 840 2421 et
862 2390 1005 2430 privatim
1021 2395 1230 2421 consecratus.
1275 2389 1447 2430 Hipparchi
1469 2389 1592 2419 Hermae
1614 2388 1737 2428 aliique.

328 2434 409 2463 Usus
430 2434 614 2464 Hermarum
630 2435 662 2464 in
677 2434 828 2475 sepulcris
844 2439 875 2464 et
889 2434 947 2463 viis
966 2433 1111 2473 publicis.
1155 2434 1247 2463 Mons
1267 2432 1459 2463 Parthenius.
1501 2431 1629 2472 Ἐςμαῖοι
1645 2430 1736 2472 λόφοι.

327 2476 454 2507 Hermae
478 2481 545 2506 ante
567 2477 756 2516 privatorum
779 2477 861 2507 aedes
886 2477 1001 2516 positi:
1024 2477 1098 2507 item
1121 2476 1208 2517 cippi
1228 2475 1379 2516 Apollinis
1401 2474 1536 2514 Ἀγυιέως
1552 2480 1583 2505 et
1598 2475 1736 2510 Hecates

327 2519 450 2549 sacella.
495 2519 620 2549 Hermae
647 2521 801 2559 quomodo
829 2521 941 2550 suerint
965 2520 1123 2559 dedicati3
1152 2530 1212 2559 qua
1238 2518 1355 2549 ratione
1381 2518 1525 2548 mutilati.
1568 2517 1734 2556 Cornutus,

327 2562 507 2598 Pausanias,
522 2562 759 2602 Harpocration,
776 2564 954 2594 Eustathius
967 2569 999 2593 et
1015 2563 1202 2593 Plutarchus
1217 2563 1427 2592 emendantur.

281 2717 425 2761 Quum
447 2716 586 2754 veroin
606 2715 803 2766 republica
823 2714 959 2753 florere
979 2715 1171 2766 inciperet
1186 2714 1428 2762 Andocides,
1448 2721 1564 2764 atque
1584 2714 1632 2757 ad
1653 2726 1734 2753 am-

281 2778 497 2829 plissimum
527 2777 699 2828 quemvis
723 2777 911 2816 honorem
934 2777 1080 2816 aditum
1102 2776 1174 2815 sihi
1195 2777 1422 2827 aperuisset,
1445 2778 1496 2817 ab
1515 2777 1590 2817 hoc
1609 2775 1732 2827 gradu

279 2839 457 2890 dejectus
477 2845 537 2877 est
556 2837 841 2877 luctuosissimo
859 2851 965 2883 casu,
986 2840 1051 2886 qui
1073 2851 1162 2877 cum
1181 2838 1266 2888 ipsa
1283 2839 1510 2890 reipublicae
1529 2838 1639 2879 ruina
1656 2837 1735 2880 fuit

279 2901 530 2951 conjunctus:
554 2913 642 2950 quae
661 2913 721 2939 res
737 2900 918 2950 quoniam
935 2899 1129 2938 Andocidi
1143 2900 1327 2950 perniciei
1342 2900 1427 2948 fuit,
1442 2913 1487 2940 ac
1507 2913 1614 2953 spem
1631 2898 1732 2938 illius

280 2975 430 3001 omnem
451 2961 600 3009 evertit,
621 2961 751 3012 paullo
769 2961 886 3000 altius
907 2961 1009 2999 illam
1029 2966 1262 3012 repetemus.
