1816 3272
388 224 724 267 LECTIONES
756 225 1155 268 ANDOCIDEAE.
1413 228 1492 269 201

36 332 75 370 in
98 332 302 372 Ceramico
322 333 514 380 videmus,
545 334 645 384 Lege
667 340 842 372 sanctum
865 341 938 386 est,
975 346 1037 374 NE
1069 346 1177 386 90¹3
1211 345 1494 374 SEPULCRUM

38 404 255 433 FACERET
287 406 568 443 OPERosius,
599 405 735 444 QUAM
763 407 894 445 QUOD
917 407 1078 435 DECEM
1112 407 1330 436 HOMINES
1362 408 1497 436 EFFE-

37 465 220 494 CERINT
240 467 437 495 TRIDUO.
490 457 630 507 Neque
647 457 686 494 id
707 470 825 508 opere
842 459 1009 496 textorio
1025 460 1217 505 exornari,
1239 473 1311 498 nec
1332 460 1497 498 Hermas

35 517 121 564 hos,
142 530 241 568 quos
264 524 416 563 vocant,
436 517 582 556 licebat
601 518 746 568 imponi
761 519 796 556 :''
815 519 864 558 de
886 532 963 570 qua
983 520 1086 570 Lege
1107 521 1183 570 agit
1207 521 1357 560 Petitus
1377 521 1494 558 Com-

35 585 152 618 ment.
184 580 233 618 ad
267 580 387 629 Leges
417 581 500 620 Att.
524 581 552 619 l.
573 580 643 618 VI.
666 587 693 618 t.
715 586 753 619 8.
776 594 814 631 p.
835 585 927 621 596.
948 595 1028 632 seq.
1080 582 1310 633 Exemplum
1340 584 1495 622 Hermae

35 641 216 690 sepulcro
244 641 417 691 impositi
449 641 583 691 prodit
613 641 822 680 Pausanias
843 642 881 679 in
904 642 1024 680 Phoc.
1055 655 1094 692 p.
1116 647 1207 682 827.
1242 644 1307 680 ubi
1331 644 1496 681 servavit

36 701 286 753 Epitaphium
307 702 534 752 inscriptum
552 703 781 755 Herophilae
801 703 962 755 Sibyllae
982 704 1143 750 tumulo,
1160 705 1228 754 qui
1250 704 1285 742 in
1305 705 1495 756 Apollinis

34 763 222 801 Sminthei
242 764 330 802 luco
351 764 389 802 in
408 763 563 803 Troade
583 771 667 802 erat
689 771 929 803 exstructus:

243 854 289 889 ‘A
312 851 340 890 δ’
359 852 434 902 ἐγὼ
454 853 479 890 ὃ
496 851 648 900 Φοίβοιο
665 854 870 906 σαφηγορὶς
885 854 958 904 εἰμὶ
976 851 1166 900 Σίβυλλα,

296 913 390 966 Τῷδ’
413 915 483 952 ὑπὸ
500 917 640 967 λαϊνέῳ
663 915 803 966 σάματι
822 913 1030 966 πυὲομένα·

242 974 443 1026 Πάρὲειός
463 976 655 1015 αὺδάεσσα
674 977 714 1024 τὸ
736 978 834 1027 πρὶν,
856 984 922 1016 νῦν
942 976 969 1013 ἒ’
990 976 1071 1015 αἰὲν
1091 976 1265 1022 ἄναυὲος,

298 1040 429 1092 ΝῙοίρᾳ
449 1041 518 1079 ὑπὸ
540 1040 702 1096 στιβαρῇ
722 1041 827 1087 τήνδε
846 1044 1023 1092 λαχοῦσα
1042 1041 1168 1088 πέδην·

244 1104 369 1140 Ἀλλὰ
388 1105 506 1147 πέλας
527 1103 722 1156 Νύμφαισι
741 1106 800 1140 καὶ
818 1103 939 1158 Ἐρμῇ
959 1103 1041 1154 τῷδ’
1063 1105 1269 1154 ὺπόκειμαι,

297 1163 448 1215 ΝῙοίραν
468 1166 594 1216 ἕχουσ’
609 1165 751 1216 “Εκάτῳ
770 1171 833 1209 τῆς
851 1166 924 1202 τότ’
943 1166 1176 1215 ἀνακτορίης.

27 1260 139 1300 addit
158 1261 389 1301 Pausanias:
412 1263 430 1298 ὁ
449 1261 517 1312 μὲν
538 1262 579 1306 fi]
600 1265 704 1313 παριὶ
728 1261 767 1299 τὸ
783 1270 913 1312 μνῆμα
933 1261 1081 1306 ἕστηκεν
1100 1261 1238 1313 Ἑρμῆς
1259 1263 1491 1313 τετράγωνον

31 1330 177 1374 σχῆμα.

85 1386 360 1424 Praestantium
383 1379 891 1437 deniquei'i1·orumlaudes
910 1386 1062 1436 aliaque
1084 1387 1371 1437 Epigrammata
1393 1387 1492 1424 Her-

30 1447 101 1485 mis
130 1448 286 1486 inscribi
316 1448 522 1486 solebant:
552 1448 629 1486 vid.
661 1448 866 1487 Demosth.
905 1447 943 1486 in
978 1448 1133 1499 Leptin.
1164 1462 1203 1499 p.
1224 1453 1317 1487 301.
1347 1453 1377 1497 ξ.
1399 1453 1490 1487 181.

29 1522 116 1561 seq.
148 1510 284 1561 ibique
322 1510 533 1561 Ulpianus:
565 1523 730 1561 quorum
759 1510 830 1548 tria
859 1510 1033 1559 exempla
1068 1510 1185 1547 habet
1219 1511 1422 1548 AEschines
1453 1511 1491 1547 in

29 1573 193 1623 Ctesph.
214 1586 252 1624 p.
274 1577 339 1611 80.
361 1573 574 1624 eademque
592 1573 828 1611 Plutarchus
847 1573 885 1610 in
905 1573 1065 1610 Cimone
1086 1585 1126 1622 p.
1141 1576 1233 1611 482.
1257 1574 1300 1612 E.

83 1636 147 1673 Ab
168 1635 226 1673 his
248 1641 376 1673 autem
392 1636 550 1674 Hermis
571 1636 731 1674 multum
752 1642 792 1673 et
807 1634 1072 1686 magnitudine
1093 1641 1130 1672 et
1151 1636 1342 1685 elegantia
1361 1635 1491 1686 operis

32 1696 86 1734 illi
115 1696 329 1742 distabant,
366 1711 464 1749 quos
499 1698 610 1737 multi
640 1697 933 1735 Atheniensium
963 1703 1052 1735 ante
1083 1696 1184 1734 fores
1212 1697 1355 1735 aedium
1385 1703 1424 1734 ct
1451 1698 1489 1735 in

30 1757 137 1795 atriis
159 1759 392 1796 constitutos
424 1759 636 1804 habebant,
658 1759 727 1810 qui
760 1759 872 1796 limen
902 1765 1020 1809 atque
1051 1758 1249 1796 introitum
1281 1766 1490 1805 servarent,

29 1818 213 1869 furesque
241 1819 332 1857 inde
353 1820 577 1871 abigerent:
610 1819 711 1857 unde
733 1819 931 1856 Mercurio
959 1823 1160 1871 στροψαίου
1178 1833 1317 1857 nomen
1339 1820 1490 1858 venisse

31 1881 385 1919 Grammaticorum
405 1882 578 1932 plerique
598 1880 769 1919 tradunt.
827 1881 943 1918 Certe
963 1882 1067 1930 apud
1090 1881 1295 1932 Aristoph.
1316 1882 1353 1919 in
1375 1882 1490 1920 Pluto

29 1955 63 1980 v.
90 1947 203 1981 1154.
225 1943 449 1982 Mercurius
470 1943 602 1982 haecce
624 1956 763 1994 rogans
784 1942 1009 1981 inducitur:

348 2038 464 2090 nupti
481 2042 548 2085 τὴν
567 2040 682 2091 θύραν
703 2044 901 2091 στροφαῖον
922 2038 1116 2089 ἱέρΰσασθέ
1131 2055 1191 2089 με.

30 2133 78 2171 ad
96 2147 209 2184 quem
231 2135 359 2173 locum
379 2135 578 2186 duplicem
600 2134 962 2185 interpretationem
984 2134 1168 2171 exhibent
1184 2134 1360 2172 Scholia:
1383 2151 1488 2184 στρο-

30 2201 139 2248 φαῖον
150 2196 209 2233 ἐπὶ
225 2198 415 2252 ἀποτροπῇ
429 2203 499 2235 τῶν
515 2199 643 2235 ἄλλων
659 2198 1091 2246 κλεπτῶν--στροφαῖος
1103 2197 1204 2247 παρὰ
1217 2195 1257 2233 τὸ
1273 2198 1490 2247 στρέφεσθαι

30 2259 90 2295 καὶ
107 2264 336 2308 πανουργεῖν
352 2282 406 2286 -
426 2264 626 2310 στροφαῖον
645 2259 721 2296 ἐπεὶ
749 2259 905 2310 στροφαὶ
932 2261 1113 2305 λέγονται
1140 2258 1199 2294 καὶ
1221 2258 1255 2294 οἱ
1276 2261 1489 2308 συμπεπλε-

31 2322 163 2370 γμένοι
195 2321 255 2356 καὶ
280 2319 421 2370 ὃολεροὶ
447 2321 571 2368 λόγοι·
602 2325 803 2372 στροφαῖον
836 2318 872 2356 δὲ
899 2319 1056 2356 ἐκάλουν
1084 2318 1277 2370 ἱδρυμένον
1307 2323 1414 2370 παρὰ
1445 2324 1489 2375 τῇ

29 2379 129 2432 θύρᾳ
149 2381 211 2418 τὸν
230 2380 401 2432 δαίμονα·
423 2383 502 2432 ἅμα
527 2381 567 2419 δὲ
584 2383 685 2431 παρὰ
705 2381 746 2420 τὸ
768 2384 939 2431 στρέφειν
957 2382 1002 2418 τὰ
1021 2384 1240 2432 πράγματα·
1268 2381 1302 2418 οἷ
1322 2380 1360 2419 δὲ
1381 2387 1488 2420 τοῦτο

29 2447 223 2486 ποιοῦντες
238 2446 456 2495 πανουργοί·
474 2443 665 2492 ἐπωνυμία
685 2442 721 2481 δὲ
742 2448 845 2481 τοῦτο
862 2443 1016 2493 Ἑρμοῦ,
1030 2444 1130 2492 παρὰ
1148 2443 1188 2480 τὸ
1204 2442 1243 2480 ἓν
1261 2448 1343 2486 ταῖς
1363 2444 1489 2493 θύραις

26 2503 201 2556 ἵδρυσὲαι
219 2504 288 2554 (ita
306 2504 380 2555 leg.
402 2518 448 2542 ex
468 2504 601 2552 Suida)
620 2505 679 2542 ἐπὶ
698 2507 894 2557 ἀποτροπῇ
917 2511 991 2542 τῶν
1011 2506 1138 2542 ἄλλων
1160 2506 1324 2542 κλεπτῶν
1343 2521 1374 2543 κ.
1396 2522 1428 2542 τ.
1449 2508 1486 2544 λ.

29 2565 132 2610 Quae
152 2565 289 2604 iisdem
310 2565 389 2604 fere
411 2565 553 2612 verbis,
577 2572 618 2604 ut
639 2567 797 2613 assolet,
823 2566 1019 2616 descripta
1040 2572 1129 2604 sunt
1151 2566 1255 2616 apud
1274 2566 1435 2604 Suidam
1452 2581 1487 2604 v.

30 2633 247 2679 στροφαῖσςε
281 2633 322 2665 et
355 2627 587 2677 quibuscum
621 2628 816 2666 consentit
847 2627 1135 2665 Grammaticus
1163 2626 1348 2676 antiquus
1382 2627 1487 2677 apud

29 2690 274 2729 Eustathium
293 2691 342 2730 ad
365 2692 410 2730 Il.
431 2692 477 2729 Ω.
499 2705 540 2743 p.
563 2695 677 2729 1:353.
700 2705 733 2730 v.
754 2697 792 2730 9.
828 2690 1046 2742 Hesychius
1069 2702 1159 2727 vero
1180 2697 1219 2727 et
1241 2690 1407 2740 Etymol.
1429 2691 1487 2728 M.

31 2751 268 2790 Mercurium
291 2759 489 2805 στροφαῖον
501 2753 649 2791 dictum
671 2759 821 2791 tantum
841 2753 977 2790 volunt
996 2753 1060 2789 τὸν
1076 2754 1178 2802 παρὰ
1200 2754 1398 2800 στροφίγγι
1423 2761 1488 2797 τῆς

30 2813 142 2861 θύρας
162 2813 364 2864 ἱδρυμένον.
422 2815 470 2851 Et
501 2827 590 2851 sane
623 2813 739 2852 fuisse
774 2813 1012 2852 Mercurium
1040 2813 1089 2850 ad
1118 2812 1220 2849 fores
1250 2818 1288 2848 et
1316 2811 1352 2848 in
1380 2812 1488 2849 atriis

30 2875 286 2913 constitutum
306 2888 394 2913 cum
413 2889 460 2915 ex
483 2876 679 2927 Aristoph.
702 2877 726 2912 1.
749 2889 784 2913 c.
806 2876 967 2925 aliisque
987 2875 1170 2911 Veterum
1196 2872 1292 2909 loeis
1313 2881 1486 2923 apparet,

32 2943 111 2974 tum
133 2951 180 2976 ex
201 2937 377 2976 Luciano
397 2937 436 2974 in
456 2938 568 2976 Votis
586 2952 621 2976 c.
641 2942 706 2976 20.
741 2936 993 2990 ἀνορωρύχθω
1015 2935 1203 2984 θησαυρὸς
1223 2934 1293 2971 ὑπὸ
1315 2935 1378 2972 τὸίΙ
1395 2935 1486 2987 Ἑρ·

29 3005 105 3050 μῆν
126 2999 189 3038 τὸν
209 2997 371 3044 λίθινον,
394 2997 434 3042 ὃς
454 2999 554 3039 ἐστιν
575 3002 660 3051 ἡμῖν
681 3000 722 3036 ἐν
741 3002 785 3049 τῇ
804 3001 926 3046 αὒλῇῖ
954 3005 993 3036 et
1013 2996 1167 3034 AEliano
1187 2996 1235 3034 V.
1254 2996 1307 3034 H.
1329 2996 1353 3034 l.
1375 2997 1428 3036 II.
1450 3012 1486 3038 e.

722 3064 749 3098 2
769 3070 797 3098 D
