1816 3272
357 235 698 280 LECTIONES
731 235 1132 281 ANDOCIDEAE.
1380 234 1458 277 199

20 347 153 400 ibique
174 346 370 398 1nterpp.‚
399 346 578 386 Clemens
595 344 709 382 Alex.
729 343 923 394 Protrept.
943 357 983 395 p.
1004 348 1085 389 81„
1107 341 1306 395 Gyraldus
1326 341 1365 380 d.
1385 341 1412 380 l.
1433 357 1474 394 p.

20 413 113 450 302.
131 409 196 455 D.,
218 410 368 448 Meurs.
388 408 426 446 in
446 405 640 458 Cecropia
655 418 689 444 c.
712 409 779 444 28.
800 411 840 443 et
860 406 1071 452 Lect.,Att.
1090 406 1116 444 1.
1138 419 1173 445 c.

73 473 269 510 Praeterea
288 471 329 509 in
350 470 536 508 Minervae
566 467 734 507 Poliadis
763 467 909 517 templo
930 467 967 504 in
989 481 1078 506 arce
1098 467 1267 518 ligneum
1287 466 1476 505 Mercurii

21 533 265 573 simulacrum
288 532 360 571 sub
379 530 493 583 myrti
522 530 638 569 ramis
655 529 983 580 conspiciebatur,
1010 530 1076 580 qui
1098 543 1119 567 a
1140 529 1318 581 Cecrope
1340 528 1475 567 crede-

21 595 140 635 batur
159 600 419 640 consecratus,
442 599 484 631 ut
503 597 640 631 auctor
659 597 719 630 est
733 591 941 629 Pausanias
957 591 995 629 in
1014 592 1098 628 Att.
1118 603 1160 641 p.
1181 594 1245 629 69.

76 657 122 695 In
143 657 211 695 viis
231 654 414 707 publiciS,
435 655 601 693 maxime
629 654 667 691 in
688 653 797 692 biviis
818 660 858 691 et
883 653 1018 699 triviis,
1039 653 1195 691 Hermae
1215 652 1477 703 ponebantur,

24 731 190 771 quorum
212 716 501 768 Inscriptiones,
524 728 709 767 quorsum
731 728 901 766 quaeque
920 715 980 753 via
996 714 1170 761 duceret,
1190 713 1403 752 viatoribus
1422 714 1480 751 in-

24 779 222 824 dicarent;
261 778 415 829 qualem
449 777 612 816 Athenis
639 790 662 816 a
698 776 923 816 Patroclide
955 776 1075 815 fuisse
1107 775 1331 814 dedicatum
1363 775 1482 813 docet

23 841 342 893 Harpocration:
370 840 602 893 Τρικέφαλος
629 841 649 878 ὁ
670 839 820 892 Ἑρμῆς,
841 842 962 890 ὥσπερ
992 838 1173 877 διδάσκων
1192 840 1258 881 τὰς
1290 836 1394 880 ὁδοὺς
1422 839 1482 874 καὶ

25 902 126 957 ἔχων
144 904 377 956 ὑπογραφὴν,
387 908 457 941 ποῦ
475 902 544 954 μὲν
556 903 648 948 αὕτη
667 902 763 954 φέρει
777 904 799 948 ἦ
815 901 914 950 ὁδὸς,
925 906 995 939 ποῦ
1009 900 1052 951 (l.
1067 905 1130 938 ποῖ
1143 922 1195 928 —-—
1205 899 1286 947 ποῖ)
1306 897 1334 936 δ’
1348 898 1418 936 ἐκεί
1423 910 1480 944 my·

23 967 117 1009 ’ίσως
136 965 173 1005 δὲ
190 965 285 1017 πρὸς
303 964 460 1011 ἑκάστην
478 964 564 1002 ὁδὸν
588 965 751 1016 κεφαλὴν
770 961 887 1019 εἶχεν·
914 964 1015 1002 ἔστιν
1034 961 1070 1000 δὲ
1097 963 1116 1000 ὁ
1135 960 1292 1003 ἀναθεὶς
1311 959 1375 998 τὸν
1394 960 1485 1010 Τρι-

26 1030 188 1078 κὲφαλον
204 1027 348 1080 “Ερμῆν
362 1029 428 1077 (ὡς
445 1026 651 1080 Φιλόχορος
669 1028 779 1078 φησὶν
798 1026 839 1063 ἐν
852 1026 974 1081 τρίτῃ)
992 1023 1268 1075 Πατροκλείδης
1279 1022 1487 1074 Ἱππάρχου

29 1091 188 1141 ἐραστὴς
208 1106 241 1130 κ.
257 1108 291 1129 τ.
306 1093 346 1130 λ.
386 1089 449 1129 Ad
464 1088 583 1127 finem
602 1101 694 1127 vero
712 1088 813 1127 illius
831 1087 1091 1127 annotationis
1112 1085 1248 1125 Codex
1268 1083 1486 1129 Mediceus,

29 1157 130 1190 teste
154 1152 204 1191 ad
223 1152 262 1190 h.
284 1152 308 1191 1.
336 1151 554 1196 Gronovio‚
585 1150 672 1189 haec
698 1149 831 1189 addit:
867 1154 997 1189 τοῦτον
1027 1149 1063 1188 δὲ
1092 1150 1180 1201 φησὶ
1210 1147 1418 1200 Φιλόχορος
1445 1147 1487 1184 ἐν

31 1213 133 1269 τρίτῃ
154 1213 360 1261 Εὐκλείδην
388 1214 584 1251 ἀναθεῖναι
614 1212 814 1265 ἁγκὺλῃσι,
835 1225 925 1262 quae
944 1225 991 1250 ex
1012 1211 1148 1249 vitiosa
1172 1209 1363 1260 scriptura
1384 1208 1488 1258 ejus-

31 1274 122 1313 dem
140 1274 234 1321 loci,
264 1274 332 1327 qui
363 1274 401 1313 in
425 1273 591 1324 vulgatis
612 1273 929 1324 Harpocrationis
959 1273 1064 1312 Edd.
1092 1272 1249 1317 citatur,
1276 1271 1490 1322 depravata

31 1350 116 1375 esse
136 1335 329 1375 videmur.-
385 1336 447 1374 De
467 1334 875 1387 MercuriokTricipite
894 1334 1000 1373 conf.
1019 1334 1220 1386 Gyraldns
1241 1333 1267 1370 l.
1287 1346 1324 1372 c.
1343 1345 1384 1385 p.
1397 1334 1490 1372 302.

33 1398 94 1445 Β.,
111 1398 260 1436 Meurs.
281 1398 375 1437 Ath.
393 1399 478 1436 Att.
498 1398 525 1435 l.
545 1397 619 1436 ΙΙΙ.
639 1411 674 1451 c.
695 1401 748 1444 8.,
769 1405 808 1436 et
822 1398 892 1436 Ez.
912 1396 1171 1448 Spanhemius
1191 1395 1239 1434 ad
1260 1394 1493 1434 Callimachi

35 1459 91 1499 H.
107 1459 147 1498 in
163 1459 278 1498 Dian.
294 1474 330 1499 v.
343 1464 410 1498 69.
432 1472 471 1510 p.
486 1462 578 1498 211.
621 1458 848 1497 Eustathius
867 1471 960 1497 vero
979 1458 1028 1496 ad
1047 1458 1127 1497 Od.
1146 1457 1191 1497 Δ.
1211 1470 1252 1508 p.
1269 1459 1357 1495 150.
1373 1469 1411 1494 v.
1425 1459 1492 1495 62.

34 1522 100 1560 hic
127 1522 266 1560 iterum
285 1520 536 1572 allegoricum
562 1520 655 1571 quid
689 1520 848 1559 subesse
875 1519 1022 1559 credit:
1049 1520 1189 1571 Ἑρμῆς
1219 1519 1240 1557 ὃ
1263 1518 1494 1569 Τρικέφαλος

36 1584 163 1627 ἄλλως
183 1583 224 1621 τὸ
244 1582 387 1633 τριττὸν
406 1586 468 1620 τοῦ
488 1583 692 1634 φιλοσόφου
709 1583 828 1632 λόγου
847 1584 1062 1621 αἰνίττεται.
1089 1571 1155 1619 ⁸In
1170 1580 1372 1619 Ceramico
1392 1579 1495 1617 Her·-

37 1658 117 1684 mes
137 1643 372 1695 quadriceps
390 1649 486 1691 erat,
507 1648 546 1682 et
564 1644 603 1682 in
622 1644 739 1682 trivio
759 1643 933 1693 quidem,
955 1648 998 1682 ut
1019 1643 1238 1694 Hesychius
1259 1647 1434 1681 testatur.
1455 1653 1493 1678 v.

33 1707 174 1759 Ἐρμῆς
190 1705 439 1758 Τρικέφαλος;
459 1703 566 1742 illum
586 1703 688 1743 sorte
708 1705 896 1755 cogitavit
916 1704 1110 1742 Lucianus
1129 1704 1168 1742 in
1180 1704 1278 1742 Jove
1299 1701 1497 1754 Tragoedo

37 1783 73 1808 c.
89 1773 154 1808 43.
183 1767 253 1806 οἷοί
270 1770 342 1806 εἰσι
361 1773 433 1805 τῶν
449 1767 599 1818 Ἑρμῶν
617 1765 719 1812 ἐ’νιοι,
739 1765 863 1812 διττοὶ,
885 1768 945 1803 καὶ
963 1765 1229 1818 ἀμφοτέρωθεν
1249 1764 1382 1817 ὅμοιοι,
1403 1764 1496 1815 πρὸς

38 1832 213 1881 ὁπότερον
232 1831 280 1868 ἂν
299 1831 421 1868 αὐτῶν
440 1830 550 1880 μέρος
564 1828 831 1884 ἔπιστραφήσῃ·
866 1827 1092 1866 Eustathius
1112 1827 1160 1866 ad
1182 1827 1230 1865 Il.
1249 1827 1295 1865 Ω.
1316 1840 1356 1878 p.
1376 1829 1496 1865 1353.

38 1893 146 1941 δηλοῖ
163 1891 203 1930 δὲ
222 1893 268 1930 τὰ
282 1893 375 1929 κατὰ
391 1890 455 1929 τὸν
470 1890 614 1941 Ἑρμῆν
625 1891 685 1927 καὶ
704 1890 723 1928 ὁ
742 1890 896 1939 γράψας
911 1891 1004 1927 οὕτω
1017 1889 1150 1941 ῥήτωρ·
1179 1890 1316 1941 Ἑρμῆς
1329 1889 1498 1939 τετρακέ-

39 1957 160 2007 φαλος
179 1954 220 1992 ἐν
239 1953 452 2005 Κεραμεικῷ
466 1950 748 2005 Τελεσαρχίδου
765 1950 891 2004 ἐ’ργον,
907 1949 935 2004 ᾧ
954 1952 1232 2003 ἐπεγέγραπτο“

301 2040 419 2092 Ἑρμῆ
436 2040 680 2092 τετρακέφαλε
697 2038 813 2078 καλὸν
826 2038 1105 2091 Τελεσαρχίέου
1120 2037 1245 2090 ἔργον,

307 2102 429 2141 Ho'tvO'
449 2103 578 2154 ὁράᾳς.
599 2125 652 2130 -

44 2195 88 2228 ut
121 2193 281 2227 metrum
319 2193 474 2227 constet
505 2186 714 2238 legendum
746 2185 900 2225 videtur
930 2186 1202 2238 τετρακάρηνε;
1242 2185 1298 2224 sic
1331 2185 1499 2224 Hesiod.

44 2250 196 2302 Theog.
211 2264 247 2289 v.
266 2252 360 2292 287.

309 2320 495 2373 Χρυσάωρ
516 2320 543 2359 δ’
562 2321 658 2359 ἔτεκε
677 2323 894 2371 τρικάρηνον
913 2319 1119 2371 Γηρυονῆα.

45 2408 235 2447 Pindarus
261 2407 378 2459 Pyth.
404 2406 482 2446 Od.
502 2407 534 2445 Ῑ.
556 2420 591 2446 V.
612 2412 675 2445 31.
714 2406 850 2458 Τύφως
881 2404 1189 2456 ἔκατογκᾶρανος.
1244 2404 1308 2443 Ab
1329 2404 1403 2444 hac
1423 2404 1503 2443 via-

47 2483 131 2510 rum
151 2469 329 2509 custodia
348 2469 475 2507 dictus
496 2474 556 2506 est
575 2466 937 2510 MercuriusUfflog
957 2473 997 2505 et
1020 2466 1201 2510 Ἐνόδιος.
1238 2465 1328 2504 Vid.
1349 2466 1502 2505 Cornu·

47 2538 109 2572 tus
129 2532 179 2571 de
194 2531 288 2571 Nat.
309 2530 428 2569 Deor.
449 2543 484 2568 c.
505 2533 571 2568 16.
587 2543 626 2581 p.
647 2533 738 2568 168.
759 2535 798 2567 et
817 2528 981 2579 Gyrald.
1000 2529 1026 2567 l.
1047 2542 1081 2567 c.
1101 2541 1141 2580 p.
1162 2532 1254 2568 306.
1276 2529 1327 2566 D.

97 2594 193 2632 Erat
211 2599 342 2632 autem
358 2592 421 2631 hic
441 2604 522 2630 mos
543 2604 619 2629 non
640 2590 942 2630 Atheniensibus
963 2596 1130 2635 tantum,
1153 2590 1222 2629 sed
1244 2589 1327 2628 aliis
1344 2602 1501 2641 quoque

48 2655 218 2695 Graeciae
238 2654 459 2693 civitatibus
478 2653 671 2704 cognitus.
729 2653 845 2691 Certe
866 2652 904 2690 in
925 2652 1157 2703 Argivorum
1175 2665 1221 2691 ac
1242 2653 1503 2702 Tegeatarum

49 2716 208 2762 finibus,
231 2716 477 2754 terminorum
498 2715 601 2761 loco,
624 2715 791 2753 Hermas
815 2713 934 2753 fuisse
959 2713 1124 2765 positos,
1145 2719 1282 2752 auctor
1313 2719 1374 2751 est
1404 2713 1505 2750 Pau-

51 2778 176 2817 sanias
196 2778 235 2815 in
256 2775 331 2814 fine
351 2776 690 2815 Corinthiacorum
719 2789 760 2827 p.
779 2779 872 2814 202.
901 2777 1086 2814 ἀνατείνει
1113 2774 1150 2813 δὲ
1176 2773 1266 2825 ὑπὲρ
1286 2775 1352 2817 τὰς
1380 2774 1505 2824 κώμας

51 2840 135 2892 ὅρος
151 2836 385 2889 Παρθένιον,
405 2840 466 2875 καὶ
483 2837 795 2890 Λακεδαιμονίων
813 2837 868 2875 ἐπ’
889 2840 999 2875 αὑτοῦ
1018 2836 1109 2888 πρὸς
1135 2836 1331 2885 Ἀργείους
1351 2834 1427 2886 ὅροι
1447 2836 1506 2872 καὶ

49 2900 243 2950 Τεγεάτας
262 2902 370 2938 εἰσίν·
399 2898 574 2945 ἑστήκασι
595 2899 631 2938 δὲ
651 2900 712 2937 ἐπὶ
731 2904 808 2943 τοῖς
826 2898 925 2951 ὅροις
938 2899 1078 2949 Ἑρμαῖ
1095 2899 1199 2935 λίθου
1215 2898 1275 2934 καὶ
1294 2901 1355 2934 τοῦ
1370 2899 1507 2948 χωρίου

51 2966 158 3001 τοῦτο
176 2961 217 3000 τὸ
238 2960 370 3012 ὄνομα.
426 2960 558 2999 Verba
576 2960 816 3000 emendatius
835 2959 1023 3010 descripsi
1046 2971 1161 3009 quam
1180 2959 1219 2996 in
1239 2957 1352 2996 editis
1373 2958 1507 3009 legun-

52 3029 130 3070 tur,
150 3023 189 3062 in
203 3022 346 3074 quibus
365 3034 438 3074 pro
454 3020 674 3074 Παρθένιον
694 3021 882 3074 scriptum
903 3025 1035 3060 exstat.
1046 3022 1135 3073 παρ’
1153 3021 1186 3067 ὃ,
1206 3032 1295 3070 quae
1316 3021 1509 3071 scriptura
