1818 3189
278 180 358 221 152

272 283 441 326 αἰτιῖισθαι]
456 293 609 314 accusare.
631 282 678 313 τδν
694 284 825 314 διώκοντα
839 285 882 324 μὴ
897 281 977 324 ὅρθῶς

313 327 480 358 αἰτιᾶσθαι.
497 328 573 362 765,
587 330 616 356 1.
640 327 654 356 ἦ
674 326 766 362 αἰτία,
786 338 814 357 ην
831 327 977 358 atenim-aa

316 370 384 401 κατ’
396 369 476 410 ἐμοῦ.
490 370 566 405 779,
583 372 634 401 16.

275 413 417 454 αἰτίασις]
434 411 599 448 accusatio,
614 411 795 442 criminatio.
810 413 935 452 κρεῖσσον
949 423 978 442 ην

316 456 349 487 τδ
363 454 471 488 ἀληθὲς
486 454 533 484 καὶ
552 454 586 484 rra
606 453 780 493 γεγενημένον
799 457 851 488 τῆς
872 454 978 485 τούτων

317 500 478 532 ..lorado-wc.
487 499 563 533 717,
576 499 606 529 9.
621 499 738 534 753,7.
762 499 776 529 ἦ
790 495 916 532 αἶτίασις
929 508 977 528 ουκ

316 542 378 582 ἔχει
393 540 485 574 τέλος.
499 542 604 576 7655*
584 554 618 571 o.

273 584 375 624 αἴτιος]
402 595 443 620 ου,
467 582 514 613 τὸν
534 583 620 615 αἴτιον
643 582 771 624 ἀφέντες,
793 581 840 613 τδν
861 580 979 613 ἀναίτιον

317 628 457 666 διώκομεν.
469 628 579 662 693,3

275 668 422 710 ἀκεῖσθαι]
448 669 494 709 τῷ
516 668 616 699 τούτου
641 667 711 708 φόνῳ
731 667 765 698 τό
784 679 900 709 μηνιμα
924 670 980 697 τῶν

317 711 463 753 ἀλιτηρίων
475 711 676 752 ἀκεσαμένους.
689 713 764 747 695,
777 713 808 741 9.

273 755 392 786 ἀκεστὸν
404 756 547 796 ωρῖίγμα.
558 765 609 785 res
624 754 812 794 reparabilis,
827 753 880 784 ubi
895 763 979 783 error

318 809 440 838 quoquo
449 799 539 828 modo
559 798 673 836 corrigi
689 797 796 836 possit.
812 799 888 832 754,
906 800 956 826 11.

273 840 422 882 ἀκίνδυνος]
438 839 630 881 ἀκινδυνότερον
642 841 709 880 ἦμῖν
720 839 806 879 ἔδοξεν
815 839 893 870 εῖναι.
903 839 978 874 695,

318 887 369 915 10.

273 927 417 961 ἀκινδύνως
428 926 587 967 μαρτυρεῖν.
603 926 678 963 654,
693 927 726 956 3.

275 972 394 1004 ἀκλεῶς.
408 971 482 1004 616,
495 972 526 998 1.

274 1012 425 1053 ἀκμάζειν]
448 1010 619 1084 ἀκμαζούέῃ
634 1011 672 1053 τῇ
685 1010 764 1052 ῥώμῃ
779 1011 830 1041 τοῦ
843 1010 982 1051 σώματος

317 1057 467 1096 χρώμενον.
484 1056 593 1089 693,8
596 1075 605 1084 .

273 1099 343 1140 ἀκοῇ
353 1097 521 1139 ἐπίσταμαι
536 1097 583 1126 καὶ
599 1095 724 1137 πρότερον
735 1095 852 1135 γεγονός.
866 1097 942 1133 737,
951 1097 983 1126 9.

316 1143 392 1177 749,
401 1144 431 1172 9.

273 1183 434 1224 ἀκολασία]
451 1195 507 1224 ουχ
525 1181 611 1223 υβρει,
625 1179 680 1212 οὔδ’
697 1180 849 1221 ἀκολασίᾳ.
864 1182 938 1216 661,
954 1182 985 1211 6.

318 1230 393 1263 679,
410 1230 440 1258 4.
462 1227 508 1256 διά
530 1228 579 1258 τὴν
599 1226 697 1256 ἑαυτοῦ
720 1222 873 1255 ἀκολασίαν
888 1224 984 1254 πάντα

319 1271 381 1311 δρῶν
394 1269 443 1299 καὶ
458 1270 593 1310 πάσχων.
610 1270 684 1303 699,
697 1270 729 1298 4.

274 1313 451 1353 ἀκολουθεῖν]
475 1310 613 1343 ἦκολούθει
635 1322 686 1344 της
707 1308 811 1343 θυσίας
836 1320 923 1339 ενεκα.
947 1311 986 1339 sie

317 1359 406 1409 gieng
423 1357 474 1385 mic
490 1355 552 1395 [she
564 1360 642 1384 went
655 1354 746 1394 along
757 1352 855 1393 with].
869 1354 943 1386 613,

276 1397 443 1440 ἀκοντίζειν]
476 1397 654 1431 ἀκοντισθεὶς
689 1396 734 1426 διὰ
767 1399 822 1425 τῶν
852 1397 984 1434 πλευρῶν.

321 1445 396 1478 658,
410 1444 442 1472 7.
457 1443 585 1480 μελετῶν
603 1441 684 1480 μετά
698 1442 752 1468 τῶν
767 1437 864 1468 ἡλίκων
876 1438 984 1468 ἀκοντί-

318 1484 379 1537 ζειν.
397 1487 472 1519 661,
492 1486 524 1513 7.
547 1483 646 1512 ἄθλιον
666 1480 716 1511 καῖ
730 1492 830 1522 ωικρον
843 1479 905 1520 ἐμοὶ
919 1493 985 1511 σκο·

319 1527 375 1558 ωόν
388 1527 547 1560 ἀκοντίσας.
565 1528 639 1561 679,
655 1527 685 1556 9.

276 1570 392 1611 ἀκούειν]
419 1570 513 1610 ὠσπερ
534 1568 638 1599 ἀκούειν
663 1566 728 1598 ἐστὶ
748 1568 807 1602 τοῖς
831 1566 882 1597 am}
904 1568 985 1598 κατὰ

317 1614 409 1653 φύσιν.
425 1614 499 1648 696,
512 1614 543 1643 9.

273 1656 415 1696 ἀκουσιος]
437 1654 483 1685 τόν
504 1654 535 1684 ἐκ
554 1653 707 1696 προβουλῖῐς
727 1651 861 1687 ἀκουσίας
878 1650 986 1683 ἀποθα-

315 1699 404 1730 νόντα.
427 1698 532 1728 fraude
556 1697 776 1737 praemeditata
793 1707 852 1736 qua
866 1707 985 1736 perem-

322 1749 370 1772 tus
395 1741 510 1772 invitus.
531 1741 656 1776 cecidil,
679 1751 734 1770 seu
758 1745 862 1769 contra
879 1740 986 1769 volun-

321 1790 413 1816 tatem
441 1795 536 1814 suam.
561 1786 635 1819 606,
668 1784 722 1813 ult.
745 1781 828 1813 ἐλεεῖν
858 1780 905 1812 ἐπὶ
927 1783 986 1816 τοῖς

321 1826 456 1861 ἀκουσίοις
477 1825 641 1866 παθήμασι
664 1828 779 1866 μᾶλλον
803 1825 944 1865 προσήκει,
969 1824 984 1856 ἢ

319 1872 379 1905 τοῖς
404 1869 534 1903 ἑκουσίοις
552 1870 600 1899 καῖ
621 1868 652 1899 ἐκ
675 1867 795 1909 προνοίας
821 1868 987 1907 ἀδικήμασι.

320 1916 396 1950 618,
411 1924 481 1953 pen.
505 1912 630 1943 ἀκούσιον
653 1912 696 1951 τῷ
716 1911 840 1942 παθόντι
865 1911 989 1951 περιθεὶς

320 1959 369 1988 τὴν
391 1956 549 1996 συμφοράν.
574 1958 649 1990 641,
666 1958 696 1986 4.
721 1954 795 1995 [nisi
820 1953 863 1983 ibi
886 1955 988 1993 potius

320 1999 452 2029 ἀκουσίαν
478 1999 540 2038 leg.
569 1999 620 2035 sit,
643 1997 714 2037 quia
741 1997 898 2037 Antiphon
930 1998 987 2027 hoc

321 2043 508 2081 adjectivum
547 2051 696 2080 usurpare
728 2040 807 2070 solet
840 2050 897 2079 pro
926 2041 987 2078 adj.

320 2085 411 2116 trium
432 2083 701 2123 terminatiouum]
728 2082 766 2116 εἷς
786 2081 919 2117 ἀκουσίας
944 2083 988 2112 αἶ·

320 2128 385 2162 τίας
410 2126 508 2158 ἷλθεν.
537 2127 568 2157 in
603 2126 830 2157 criminationes
858 2125 990 2156 incurrit

321 2172 448 2206 invitm,
469 2180 594 2210 quarum
598 2170 706 2223 Nculpa
728 2173 828 2199 vacat.
845 2170 919 2205 661,
935 2172 987 2200 10.

321 2226 394 2245 ουτοι
409 2214 560 2254 πράκτορες
574 2214 628 2242 τῶν
643 2210 776 2243 ἀκουσίων
786 2211 852 2248 εἶσὶ,
874 2212 907 2242 id
930 2217 988 2248 est,

321 2258 491 2298 Ιιινριιίττουσι
506 2259 547 2286 τά
569 2254 699 2286 ἀκουσία.
719 2257 795 2291 663,
809 2256 840 2284 3.
855 2254 991 2289 ἀκουσίοις

320 2301 414 2334 κακοῖς
426 2300 584 2340 περιπεσεῖν
598 2297 729 2333 δίκαιός’
720 2310 796 2328 εστι.
818 2300 892 2333 673,
905 2300 937 2329 5.
956 2310 989 2328 το

322 2342 457 2379 eut-ouckov,
469 2343 634 2395 ἅμάρτῖὶμα
646 2353 696 2375 ΤΥς
709 2352 802 2382 Τυχης
822 2341 898 2378 srvi,
913 2353 945 2370 ’70
960 2340 989 2372 δξ

325 2385 451 2421 ἑκούσιον,
461 2387 512 2419 τῆς
523 2385 645 2423 γνώμης.
655 2386 774 2419 755,7.

280 2426 415 2461 ἀκουσίως
430 2428 477 2457 καὶ
493 2425 589 2462 βιαίως
603 2426 742 2457 ἀπέθανε.
765 2428 840 2461 618,
856 2427 886 2456 6.
907 2427 989 2456 ἀκου-

323 2470 390 2505 σίως
406 2470 548 2510 [subaudi
566 2469 749 2520 ἀποκτείνας]
760 2470 814 2510 οὐχ
826 2467 920 2505 ἧσσον,
938 2468 952 2500 ἢ
967 2469 989 2498 εἶ

324 2513 464 2548 ἑκουσίως,
481 2511 637 2543 ἀπέκτεινέ
661 2524 719 2551 μου
746 2513 790 2542 τὶν
815 2513 918 2541 παῖδα.
949 2511 990 2541 nil

323 2557 395 2587 ideo
410 2556 508 2586 minus
523 2555 597 2584 mihi
619 2555 713 2593 periit.
735 2555 826 2589 filius,
842 2555 921 2593 quod
947 2555 990 2583 in-

324 2601 406 2630 vitus
430 2609 498 2629 eum
523 2597 664 2636 peremit,
692 2608 779 2636 quam
804 2598 943 2635 perisset,
966 2597 991 2626 si

324 2643 434 2673 volens
448 2641 663 2676 interemisset.
673 2642 746 2675 679,
761 2643 789 2670 9.
801 2640 812 2668 ὅ
825 2640 952 2680 διαφθαρ
954 2640 992 2673 εἰς

326 2683 431 2717 οὐδέν’(
416 2696 499 2715 ησσον
513 2683 657 2724 [subaudi
673 2682 833 2722 Βλαφθεις]
859 2681 993 2716 ἀκουσίως

325 2727 473 2781 Βλαφθεις,
488 2727 519 2756 id
536 2731 593 2761 est,
608 2725 634 2756 ἐν
648 2726 692 2764 τῷ
709 2723 844 2758 ἀκουσίως
857 2723 992 2765 Ελαφθη-

324 2783 379 2806 ναι,
395 2770 409 2801 ἦ
425 2771 446 2800 εἰ
464 2767 594 2804 ἑκουσίως
610 2759 787 2801 ἒβλάπτετο.
805 2769 879 2802 675,
896 2770 927 2796 7.

282 2795 450 2855 dupc'sse'ia]
440 2824 493 2843 υπο
513 2813 634 2853 πονηρᾶς
656 2810 742 2849 λόγων
767 2809 909 2850 ἀκριβείας
929 2820 990 2840 πει-

325 2857 453 2889 σθέντες.
471 2858 546 2890 670,
560 2858 591 2885 7.
624 2856 672 2885 τῆν
686 2852 825 2894 ἀκρίβειαν
846 2855 900 2882 τῶν
919 2864 991 2892 πρα-

325 2899 450 2941 χθέντων
463 2897 576 2938 μαθεῖν.
589 2900 664 2933 699,
680 2900 710 2928 3

283 2940 408 2982 ἀκριζης]
437 2941 534 2972 ἀληθῆ
548 2940 613 2982 μὲν,
634 2941 732 2971 λεπτὰ
756 2938 784 2970 δὲ
810 2937 855 2968 καὶ
881 2939 916 2968 ἀκ
920 2938 990 2979 (³⁸55-

324 2987 398 3019 678,
416 2995 483 3024 pen.

700 176 894 219 INDEX
926 173 1303 219 GRAECITATIS

1008 282 1132 325 ἄκριτος]
1148 283 1191 322 μῆ
1206 282 1315 322 ἄκριτον
1328 280 1484 314 ἀποθανεῖν.
1497 283 1518 312 7
1520 284 1617 319 98,

1009 325 1155 366 ἀκρόασις]
1168 326 1216 355 καὶ
1227 326 1290 356 ἄνευ
1304 337 1355 360 της
1369 326 1510 360 αἰτήσεως
1522 328 1571 357 τὴν
1585 324 1716 366 ἀκρόασιν

1052 369 1199 421 ὑπάρχειν.
1213 371 1289 405 704,
1304 379 1375 422 pen.

1010 411 1082 441 ἄκων
1095 411 1143 442 οὐκ
1163 410 1282 441 ἐλάσσω
1303 410 1366 451 ἐμοὶ
1391 413 1440 443 την
1461 412 1610 451 συμφορὰν
1630 409 1717 440 κατέ-

1051 465 1143 485 στησε
1157 456 1206 484 τοῦ
1221 454 1337 489 ἑκόντος.
1352 457 1426 489 658,
1442 464 1499 494 pen

1010 495 1180 537 ἀλήθεια]”’
1157 509 1193 528 ων
1207 499 1254 528 τῆν
1268 497 1404 527 ἀληθειαν
1415 508 1462 527 ουκ
1480 495 1587 536 ειληφε.
1603 499 1719 526 certam

1054 541 1268 578 cognitionem.
1294 542 1368 575 608,
1386 543 1415 571 6.
1434 538 1506 581 δόξῃ,
1525 541 1568 579 μὴ
1583 537 1719 579 ἀληθείᾳ,

1052 585 1102 613 τὴν
1114 583 1199 622 κρίσιν
1211 583 1401 614 ποιήσασθαι.
1412 585 1487 619 660,
1501 592 1570 621 pen.
1583 583 1634 615 τῆς
1649 582 1720 610 ἀλη-

1053 623 1126 659 Θείας
1140 626 1187 656 οὐκ
1200 624 1231 657 ἦν
1245 625 1365 666 τιμωρὸς
1385 625 1462 664 αὐτῷ
1482 623 1572 659 οὐδείς.
1594 626 1671 662 793,
1687 625 1721 654 8.

1053 670 1135 706 μετὰ.
1150 670 1199 702 τῆς
1209 667 1355 703 ἀληθείας.
1371 670 1446 703 739,
1463 670 1516 698 90.

1013 709 1130 752 ἀληθὴς]
1145 710 1226 744 ἴσως
1241 711 1274 741 τὸ
1289 710 1430 753 *πραχθὲν
1451 707 1469 752 ᾖ
1490 707 1608 743 ἀληθές.
1625 710 1658 739 in
1673 710 1721 739 lu-

1055 764 1120 783 cem
1146 754 1361 794 hominumque
1382 753 1518 783 notitiam
1539 753 1721 792 proferatur,

1055 806 1151 835 eoque
1165 798 1202 826 ad
1217 797 1420 827 certitudinem
1431 796 1581 835 adigatur.
1599 797 1673 830 607,
1689 797 1720 825 8.

1055 840 1095 869 τὰ
1110 839 1205 869 εἰκότα
1219 840 1280 875 τοῖς
1293 838 1431 869 ἀληθέσιν
1442 838 1492 869 ἴσα
1508 839 1629 877 ἡγεῖται.
1646 839 1721 873 634,

1057 885 1087 912 9.
1101 882 1222 913 ἄπιστοι
1236 882 1371 922 γενόμενοι
1387 881 1447 915 τοῖς
1465 880 1588 911 ἀληθέσι
1605 880 1651 921 [id
1663 885 1721 914 est,

1056 923 1104 954 ἐπι
1125 936 1186 959 τοις
1205 924 1360 965 ἀληθέσι]
1380 923 1520 963 quamvis
1544 934 1617 953 vera
1638 924 1723 953 dice-

1056 971 1136 1003 rent,
1150 967 1239 996 fidem
1253 973 1350 997 tamen
1366 977 1424 996 non
1439 961 1630 996 invenerunt.
1644 967 1721 1001 703,

1059 1014 1110 1040 11.
1126 1012 1250 1049 κρεῖσσον
1267 1022 1296 1041 ην
1310 1007 1343 1039 τὸ
1364 1007 1465 1043 ἀληθὲς
1485 1021 1538 1043 της
1553 1008 1658 1038 τούτων
1678 1009 1724 1039 αἶ·

1058 1053 1187 1086 τιάσεως.
1201 1055 1277 1088 717,
1293 1055 1324 1083 8.
1337 1052 1413 1082 ὥστε
1426 1050 1568 1091 μηδεποτ’
1581 1051 1620 1085 εἷς
1632 1052 1724 1082 τάλη-

1060 1094 1112 1129 θὲς
1132 1098 1322 1126 καταστῆναι.
1343 1096 1381 1125 ad
1411 1095 1560 1134 liquidum
1581 1095 1723 1134 perveni-

1060 1144 1139 1174 rent,
1154 1139 1190 1168 ad
1213 1143 1329 1168 certum
1352 1138 1538 1177 publiceque
1560 1142 1676 1174 notum,
1692 1141 1726 1168 et

1061 1181 1142 1211 omni
1162 1180 1372 1211 controversia
1394 1186 1562 1211 exemtum.
1578 1182 1656 1217 793,
1670 1183 1724 1212 19.

1060 1225 1110 1254 τοῦ
1124 1223 1248 1258 ἀληθοῦς
1261 1222 1398 1254 venio-9:21.
1415 1226 1489 1257 759,
1502 1225 1532 1254 9.

1017 1265 1153 1302 ἀλίσκειν,
1172 1271 1203 1297 et
1218 1266 1336 1307 ἁλῶναι]
1355 1269 1455 1306 σαφῶς
1470 1265 1527 1307 ᾔδει
1549 1265 1727 1306 ἀλωσόμενος

1060 1309 1156 1339 αὐτόν.
1185 1320 1241 1348 pro
1266 1314 1350 1339 certo
1377 1309 1493 1339 sciebat
1516 1309 1664 1345 futurum,
1693 1313 1728 1339 ut

1060 1352 1158 1382 bacin
1174 1363 1267 1382 causa
1286 1352 1549 1382 condemnaretur.
1565 1353 1640 1387 697,
1656 1362 1726 1392 peu.

1059 1396 1143 1429 ἁλοὺς
1156 1398 1205 1427 ‘riv
1219 1396 1335 1436 γραφήν.
1347 1406 1386 1424 ex
1402 1394 1491 1424 titulo
1504 1394 1638 1424 criminis
1652 1394 1728 1424 mihi

1059 1437 1190 1468 incusati
1213 1438 1379 1478 [sacrilegii
1395 1437 1483 1477 puta]
1499 1438 1728 1468 condemnatus.

1061 1483 1136 1516 635,
1152 1483 1183 1512 3.
1205 1483 1307 1511 ἁλῶναι
1322 1481 1370 1510 καὶ
1386 1481 1541 1520 ἀποφυγεῖν
1561 1479 1728 1520 ἀμφοτέρας

1062 1526 1116 1559 τὰς
1137 1523 1240 1563 διώξεις
1261 1522 1286 1554 ἒν
1302 1524 1378 1559 ἰ’σαις
1403 1522 1502 1555 ἐλπίσι
1527 1522 1629 1563 θῶμεν.
1654 1525 1729 1560 644,

1062 1567 1117 1596 ult.

1017 1610 1171 1651 ἀλιτηριος]
1186 1608 1337 1641 ὑπολείπει
1346 1610 1395 1641 τῆν
1404 1621 1459 1640 των
1461 1606 1612 1663 ἀλιτηρίων
1619 1607 1729 1660 δυσμε-

1061 1664 1130 1683 ιειαν
1146 1653 1194 1693 [id
1210 1658 1269 1688 est,
1284 1656 1339 1683 τῶν
1354 1652 1427 1689 Θεῶν,
1437 1655 1492 1683 τῶν
1505 1663 1570 1686 τους
1580 1649 1731 1687 ἀλίτοντας

1060 1695 1302 1737 τιμωρουμένων]
1316 1698 1390 1732 686,
1404 1697 1435 1726 3.
1462 1695 1557 1729 δεινους
1577 1693 1732 1736 ἀλιτηρίους

1065 1739 1238 1779 [punitores
1254 1738 1449 1779 delictorum]
1473 1737 1572 1778 εξομεν
1591 1749 1655 1772 τους
1673 1739 1730 1768 τῶν

1063 1781 1253 1813 ἀοι-«θανόντων
1271 1782 1504 1833 ωροστροπαίους.
1520 1783 1594 1817 686,
1611 1783 1640 1811 9.
1662 1781 1731 1821 ὑμῖν

1063 1837 1096 1854 το
1118 1836 1231 1865 μηνιμα
1257 1828 1311 1854 τῶν
1335 1823 1482 1863 ἀλιτηρίων
1504 1822 1730 1876 προστρίψομαι.

1064 1870 1139 1903 691,
1155 1870 1184 1898 9.
1207 1869 1281 1904 695,
1305 1870 1336 1898 9
1364 1868 1511 1897 διπλάσιον
1531 1865 1685 1897 καθιστησι
1696 1879 1730 1897 το

1063 1909 1189 1951 μίασμα
1212 1913 1267 1940 τῶν
1289 1909 1434 1950 ἀλιτηρίων
1447 1910 1506 1944 τοῖς
1526 1907 1731 1940 ἀποκτείνασιν

1064 1953 1156 1983 αὐτόν.
1169 1956 1305 1988 701,1Ο.

1021 1996 1195 2037 ἀλλάσσειν]
1234 1995 1393 2035 ηλλάξαντο
1423 1997 1532 2029 πολλης
1561 1993 1733 2035 ευδαιμονίας

1065 2041 1178 2069 ωολλην
1191 2036 1411 2079 κακοδαιμονίαν.
1426 2041 1503 2074 746,
1514 2039 1545 2069 5.

1022 2081 1089 2131 άμρι
1102 2082 1272 2112 διακονουσα.
1287 2084 1362 2117 613,
1379 2085 1430 2111 10.
1457 2079 1574 2121 αἱματη
1589 2079 1730 2121 ἁμαρτίᾳ.

1066 2125 1097 2154 ἰιι
1114 2125 1184 2164 ipso
1200 2125 1307 2154 delicti
1323 2124 1461 2154 articulo.
1472 2126 1547 2160 664,
1564 2124 1615 2153 13.

1023 2167 1209 2209 ἁμαρτάνειν]
1225 2167 1315 2197 ἄλλου
1342 2166 1364 2197 ἃ
1389 2167 1427 2201 εἶς
1450 2166 1531 2197 αυτὸν
1545 2164 1731 2206 ἁμαρτόντος.

1066 2222 1102 2240 eo
1118 2212 1199 2250 quod
1224 2211 1301 2242 alius
1325 2220 1457 2240 errorem
1480 2209 1632 2239 commisit
1656 2208 1733 2247 ipsi-

1067 2259 1130 2284 met
1140 2254 1298 2290 satalem,'
1290 2264 1320 2283 in
1337 2257 1432 2283 semet
1453 2252 1594 2292 deliquit.
1611 2253 1686 2286 661,
1700 2253 1734 2282 9.

1066 2298 1116 2326 τοῦ
1136 2298 1242 2326 σκοποῦ
1262 2297 1409 2336 ἁμαρτών.
1425 2297 1500 2332 663,
1512 2306 1582 2334 pen.
1597 2294 1734 2333 ἁμαρτων

1068 2339 1106 2373 εἷς
1131 2339 1238 2375 ἑαυτὸν,
1267 2338 1374 2372 οἰκείαις
1398 2339 1559 2379 συμφοραῖς
1585 2336 1734 2377 κέχρηται.

1067 2384 1141 2417 664,
1154 2384 1184 2413 5.
1201 2383 1296 2416 πάσης
1318 2383 1369 2420 γῆς
1390 2380 1518 2421 ἀμαρτόν
1537 2379 1666 2409 ἀκόντιον.
1687 2381 1736 2418 ja-

1067 2425 1179 2460 culum,
1190 2426 1269 2464 quod
1282 2434 1446 2477 nusquam
1439 2424 1560 2454 humum
1571 2422 1736 2462 tetigisset.

1069 2470 1143 2504 671,
1159 2470 1189 2497 7.
1206 2467 1329 2501 οὐδενὸς
1315 2467 1466 2507 αμαρτεῖν,
1487 2475 1602 2501 carere,
1625 2474 1734 2494 exsors

1068 2520 1202 2546 manere,
1217 2523 1255 2544 οις
1271 2511 1293 2541 οἳ
1309 2521 1425 2540 τοιουτοι
1432 2507 1619 2561 Ἠκολάζονται,
1634 2505 1736 2541 δίκαιός

1068 2552 1144 2582 ἐστι.
1157 2555 1231 2588 687,
1247 2556 1278 2584 8.
1289 2551 1400 2593 ημαρτε
1411 2549 1603 2591 τῆςὺμετὲρας
1612 2550 1735 2589 γνώμης.

1069 2600 1170 2625 vestra
1197 2596 1351 2625 voluntate
1380 2595 1428 2636 [b.
1454 2604 1482 2624 e.
1505 2592 1736 2634 benevolentia]

1069 2639 1192 2668 excidit.
1207 2639 1284 2673 749,
1300 2637 1353 2667 ult.

1025 2680 1166 2721 ἁμαρτία.
1191 2682 1265 2716 693,
1289 2682 1318 2711 6.
1339 2692 1380 2718 μη
1407 2680 1456 2710 τῆν
1484 2675 1625 2719 ἁμαρτίαν
1650 2688 1737 2715 γνωτε

1067 2723 1301 2762 μετανοήσαντες.
1314 2724 1387 2758 657,
1396 2723 1426 2752 5.
1438 2722 1493 2755 τάς
1506 2721 1534 2750 οὗ
1547 2719 1739 2762 προσηκούσας

1069 2765 1154 2815 φέρων
1166 2765 1323 2806 ἁμαρτίας.
1344 2774 1448 2804 peenas
1471 2765 1546 2793 (lans
1569 2763 1736 2793 alienorum

1068 2809 1239 2839 criminum.
1254 2810 1328 2842 665,
1345 2811 1374 2838 8.
1392 2809 1466 2841 667,
1479 2810 1509 2836 1.

1025 2851 1179 2892 ἀμνημων]
1206 2852 1219 2881 ἡ
1243 2849 1389 2891 ἐπιθυμία
1414 2861 1465 2884 της
1486 2847 1625 2889 τιμωρίας
1646 2846 1738 2888 ἀμνη-

1068 2905 1141 2934 μονα
1165 2896 1219 2923 τῶν
1240 2893 1360 2924 κινδύνων
1384 2890 1523 2923 καθιστη.
1544 2890 1613 2921 sitis
1641 2890 1738 2920 vindi-

1070 2942 1128 2966 ctae
1148 2937 1363 2975 cogitationem
1386 2935 1606 2968 discriminum,
1622 2933 1653 2963 in
1670 2942 1738 2972 quae
1769 2955 1772 2958 .

1070 2981 1127 3009 hoc
1152 2980 1268 3011 sucinum
1295 2984 1418 3019 patrans
1443 2982 1523 3008 esset
1552 2977 1740 3010 incursurum
