<?xml version="1.0" encoding="UTF-8"?>
<!DOCTYPE html PUBLIC "-//W3C//DTD XHTML 1.0 Transitional//EN"
    "http://www.w3.org/TR/xhtml1/DTD/xhtml1-transitional.dtd">
<html xmlns="http://www.w3.org/1999/xhtml" xml:lang="en" lang="en">
 <head>
  <title>
</title>
<meta http-equiv="Content-Type" content="text/html;charset=utf-8" />
  <meta name='ocr-system' content='tesseract 3.04.00' />
  <meta name='ocr-capabilities' content='ocr_page ocr_carea ocr_par ocr_line ocrx_word'/>
</head>
<body>
  <div class='ocr_page' id='page_1' title='image "./oratoresatticie01dobs_0296.png"; bbox 0 0 1818 3189; ppageno 0'>
   <div class='ocr_carea' id='block_1_1' title="bbox 254 210 1672 261">
    <p class='ocr_par' dir='ltr' id='par_1_1' title="bbox 254 210 1672 261">
     <span class='ocr_line' id='line_1_1' title="bbox 254 210 1672 261; baseline -0.007 0"><span class='ocrx_word' id='word_1_1' title='bbox 254 218 338 261; x_wconf 80' lang='lat'>224</span> <span class='ocrx_word' id='word_1_2' title='bbox 371 217 407 260; x_wconf 92' lang='grc' dir='ltr'>Ι.</span> <span class='ocrx_word' id='word_1_3' title='bbox 440 216 565 258; x_wconf 91' lang='grc' dir='ltr'><strong>ΟΤΤ.</strong></span> <span class='ocrx_word' id='word_1_4' title='bbox 593 214 870 258; x_wconf 86' lang='lat' dir='ltr'><strong>SLUITERI</strong></span> <span class='ocrx_word' id='word_1_5' title='bbox 904 210 1242 256; x_wconf 84' lang='lat' dir='ltr'><strong>LECTIONES</strong></span> <span class='ocrx_word' id='word_1_6' title='bbox 1273 210 1672 253; x_wconf 87' lang='lat' dir='ltr'>ANDOOIDEAE.</span> 
     </span>
    </p>
   </div>
   <div class='ocr_carea' id='block_1_2' title="bbox 251 320 1743 2536">
    <p class='ocr_par' dir='ltr' id='par_1_2' title="bbox 251 320 1710 671">
     <span class='ocr_line' id='line_1_2' title="bbox 253 320 1706 374; baseline -0.004 -12"><span class='ocrx_word' id='word_1_7' title='bbox 253 325 384 369; x_wconf 87' lang='lat' dir='ltr'>credo,</span> <span class='ocrx_word' id='word_1_8' title='bbox 405 338 492 362; x_wconf 90' lang='lat' dir='ltr'>cum</span> <span class='ocrx_word' id='word_1_9' title='bbox 514 324 589 361; x_wconf 87' lang='lat' dir='ltr'>illae</span> <span class='ocrx_word' id='word_1_10' title='bbox 610 323 659 361; x_wconf 88' lang='lat' dir='ltr'>de</span> <span class='ocrx_word' id='word_1_11' title='bbox 680 323 792 374; x_wconf 91' lang='lat' dir='ltr'>plane</span> <span class='ocrx_word' id='word_1_12' title='bbox 813 322 974 361; x_wconf 87' lang='lat' dir='ltr'>diversis</span> <span class='ocrx_word' id='word_1_13' title='bbox 995 323 1121 361; x_wconf 88' lang='lat' dir='ltr'>causis</span> <span class='ocrx_word' id='word_1_14' title='bbox 1146 326 1317 373; x_wconf 80' lang='lat' dir='ltr'>agerent,</span> <span class='ocrx_word' id='word_1_15' title='bbox 1337 321 1458 359; x_wconf 85' lang='lat' dir='ltr'>altera</span> <span class='ocrx_word' id='word_1_16' title='bbox 1477 320 1525 358; x_wconf 89' lang='lat' dir='ltr'>de</span> <span class='ocrx_word' id='word_1_17' title='bbox 1551 320 1706 371; x_wconf 76' lang='grc' dir='ltr'>ἱκετηρίᾳ</span> 
     </span>
     <span class='ocr_line' id='line_1_3' title="bbox 251 381 1705 433; baseline -0.004 -9"><span class='ocrx_word' id='word_1_18' title='bbox 251 387 292 425; x_wconf 91' lang='lat' dir='ltr'>in</span> <span class='ocrx_word' id='word_1_19' title='bbox 311 386 411 424; x_wconf 89' lang='lat' dir='ltr'>festo</span> <span class='ocrx_word' id='word_1_20' title='bbox 428 385 725 431; x_wconf 90' lang='lat' dir='ltr'>Eleusiniorum,</span> <span class='ocrx_word' id='word_1_21' title='bbox 741 385 862 423; x_wconf 86' lang='lat' dir='ltr'>altera</span> <span class='ocrx_word' id='word_1_22' title='bbox 881 384 928 422; x_wconf 93' lang='lat' dir='ltr'>de</span> <span class='ocrx_word' id='word_1_23' title='bbox 950 385 1083 423; x_wconf 87' lang='lat' dir='ltr'>eadem</span> <span class='ocrx_word' id='word_1_24' title='bbox 1103 384 1178 423; x_wconf 88' lang='lat' dir='ltr'>alio</span> <span class='ocrx_word' id='word_1_25' title='bbox 1198 389 1372 433; x_wconf 88' lang='lat' dir='ltr'>ternpore</span> <span class='ocrx_word' id='word_1_26' title='bbox 1391 383 1430 420; x_wconf 91' lang='lat' dir='ltr'>in</span> <span class='ocrx_word' id='word_1_27' title='bbox 1443 381 1594 420; x_wconf 86' lang='lat' dir='ltr'>Cereris</span> <span class='ocrx_word' id='word_1_28' title='bbox 1611 387 1705 419; x_wconf 87' lang='lat' dir='ltr'>tem-</span> 
     </span>
     <span class='ocr_line' id='line_1_4' title="bbox 251 441 1705 498; baseline -0.004 -13"><span class='ocrx_word' id='word_1_29' title='bbox 251 449 321 498; x_wconf 87' lang='lat' dir='ltr'>plo</span> <span class='ocrx_word' id='word_1_30' title='bbox 342 447 544 497; x_wconf 80' lang='lat' dir='ltr'>deposita:</span> <span class='ocrx_word' id='word_1_31' title='bbox 574 453 614 484; x_wconf 87' lang='lat' dir='ltr'>et</span> <span class='ocrx_word' id='word_1_32' title='bbox 641 446 694 484; x_wconf 86' lang='lat' dir='ltr'>ita</span> <span class='ocrx_word' id='word_1_33' title='bbox 723 445 996 497; x_wconf 85' lang='lat' dir='ltr'>explicandum</span> <span class='ocrx_word' id='word_1_34' title='bbox 1017 445 1182 484; x_wconf 80' lang='lat' dir='ltr'>arbitror</span> <span class='ocrx_word' id='word_1_35' title='bbox 1200 443 1396 483; x_wconf 89' lang='lat' dir='ltr'>difficilem</span> <span class='ocrx_word' id='word_1_36' title='bbox 1416 441 1633 481; x_wconf 89' lang='lat' dir='ltr'>Andocidis</span> <span class='ocrx_word' id='word_1_37' title='bbox 1650 442 1705 479; x_wconf 92' lang='lat' dir='ltr'>lo-</span> 
     </span>
     <span class='ocr_line' id='line_1_5' title="bbox 253 503 1708 559; baseline -0.005 -12"><span class='ocrx_word' id='word_1_38' title='bbox 253 523 343 547; x_wconf 88' lang='lat' dir='ltr'>cum</span> <span class='ocrx_word' id='word_1_39' title='bbox 363 509 411 547; x_wconf 85' lang='lat' dir='ltr'>de</span> <span class='ocrx_word' id='word_1_40' title='bbox 432 509 553 559; x_wconf 86' lang='lat' dir='ltr'>Myst.</span> <span class='ocrx_word' id='word_1_41' title='bbox 575 521 614 558; x_wconf 89' lang='lat' dir='ltr'>p.</span> <span class='ocrx_word' id='word_1_42' title='bbox 633 512 697 546; x_wconf 78' lang='lat'>15.</span> <span class='ocrx_word' id='word_1_43' title='bbox 754 510 808 547; x_wconf 92' lang='lat' dir='ltr'>At</span> <span class='ocrx_word' id='word_1_44' title='bbox 837 508 983 546; x_wconf 85' lang='lat' dir='ltr'>Orator</span> <span class='ocrx_word' id='word_1_45' title='bbox 1011 506 1169 545; x_wconf 88' lang='lat' dir='ltr'>crimina</span> <span class='ocrx_word' id='word_1_46' title='bbox 1201 507 1240 544; x_wconf 91' lang='lat' dir='ltr'>in</span> <span class='ocrx_word' id='word_1_47' title='bbox 1273 519 1313 543; x_wconf 88' lang='lat' dir='ltr'>se</span> <span class='ocrx_word' id='word_1_48' title='bbox 1344 505 1483 543; x_wconf 85' lang='lat' dir='ltr'>collata</span> <span class='ocrx_word' id='word_1_49' title='bbox 1509 503 1708 542; x_wconf 87' lang='lat' dir='ltr'>luculenta</span> 
     </span>
     <span class='ocr_line' id='line_1_6' title="bbox 252 563 1710 620; baseline -0.005 -11"><span class='ocrx_word' id='word_1_50' title='bbox 252 572 334 616; x_wconf 87' lang='lat' dir='ltr'>illa,</span> <span class='ocrx_word' id='word_1_51' title='bbox 356 584 442 619; x_wconf 88' lang='lat' dir='ltr'>quae</span> <span class='ocrx_word' id='word_1_52' title='bbox 463 569 508 608; x_wconf 81' lang='lat' dir='ltr'>de</span> <span class='ocrx_word' id='word_1_53' title='bbox 527 570 738 620; x_wconf 73' lang='lat' dir='ltr'>Mysterz&#39;is</span> <span class='ocrx_word' id='word_1_54' title='bbox 758 569 993 617; x_wconf 80' lang='lat' dir='ltr'><strong>inscribitur,</strong></span> <span class='ocrx_word' id='word_1_55' title='bbox 1014 569 1188 607; x_wconf 89' lang='lat' dir='ltr'>oratione</span> <span class='ocrx_word' id='word_1_56' title='bbox 1215 568 1270 606; x_wconf 86' lang='lat' dir='ltr'>ita</span> <span class='ocrx_word' id='word_1_57' title='bbox 1289 581 1310 605; x_wconf 91' lang='lat' dir='ltr'>a</span> <span class='ocrx_word' id='word_1_58' title='bbox 1331 580 1370 605; x_wconf 89' lang='lat' dir='ltr'>se</span> <span class='ocrx_word' id='word_1_59' title='bbox 1391 565 1554 617; x_wconf 85' lang='lat' dir='ltr'>depulit,</span> <span class='ocrx_word' id='word_1_60' title='bbox 1575 571 1618 603; x_wconf 90' lang='lat' dir='ltr'>ut</span> <span class='ocrx_word' id='word_1_61' title='bbox 1641 563 1710 614; x_wconf 89' lang='lat' dir='ltr'>ju-</span> 
     </span>
     <span class='ocr_line' id='line_1_7' title="bbox 256 632 910 671; baseline -0.003 0"><span class='ocrx_word' id='word_1_62' title='bbox 256 633 387 671; x_wconf 86' lang='lat' dir='ltr'>dicum</span> <span class='ocrx_word' id='word_1_63' title='bbox 408 633 608 671; x_wconf 81' lang='lat' dir='ltr'>sententiis</span> <span class='ocrx_word' id='word_1_64' title='bbox 626 633 678 670; x_wconf 89' lang='lat' dir='ltr'>sit</span> <span class='ocrx_word' id='word_1_65' title='bbox 697 632 910 670; x_wconf 87' lang='lat' dir='ltr'>absolutus.</span> 
     </span>
    </p>

    <p class='ocr_par' dir='ltr' id='par_1_3' title="bbox 259 687 1742 2166">
     <span class='ocr_line' id='line_1_8' title="bbox 313 687 1712 746; baseline -0.005 -13"><span class='ocrx_word' id='word_1_66' title='bbox 313 696 402 733; x_wconf 90' lang='lat' dir='ltr'>Hoc</span> <span class='ocrx_word' id='word_1_67' title='bbox 415 694 584 744; x_wconf 85' lang='lat' dir='ltr'>judicio,</span> <span class='ocrx_word' id='word_1_68' title='bbox 605 694 711 744; x_wconf 88' lang='lat' dir='ltr'>quod</span> <span class='ocrx_word' id='word_1_69' title='bbox 732 700 772 732; x_wconf 90' lang='lat' dir='ltr'>et</span> <span class='ocrx_word' id='word_1_70' title='bbox 788 707 915 732; x_wconf 84' lang='lat' dir='ltr'>causae</span> <span class='ocrx_word' id='word_1_71' title='bbox 931 708 1010 732; x_wconf 83' lang='lat' dir='ltr'>suae</span> <span class='ocrx_word' id='word_1_72' title='bbox 1024 693 1188 746; x_wconf 86' lang='lat' dir='ltr'>justitia,</span> <span class='ocrx_word' id='word_1_73' title='bbox 1204 698 1243 731; x_wconf 90' lang='lat' dir='ltr'>et</span> <span class='ocrx_word' id='word_1_74' title='bbox 1263 705 1330 731; x_wconf 89' lang='lat' dir='ltr'>sua</span> <span class='ocrx_word' id='word_1_75' title='bbox 1345 692 1466 730; x_wconf 86' lang='lat' dir='ltr'>fretus</span> <span class='ocrx_word' id='word_1_76' title='bbox 1486 689 1643 729; x_wconf 88' lang='lat' dir='ltr'>dicendi</span> <span class='ocrx_word' id='word_1_77' title='bbox 1662 687 1712 736; x_wconf 84' lang='lat' dir='ltr'>vi,</span> 
     </span>
     <span class='ocr_line' id='line_1_9' title="bbox 259 752 1713 808; baseline -0.006 -12"><span class='ocrx_word' id='word_1_78' title='bbox 259 759 365 797; x_wconf 87' lang='lat' dir='ltr'>nulla</span> <span class='ocrx_word' id='word_1_79' title='bbox 393 771 434 796; x_wconf 84' lang='lat' dir='ltr'>re</span> <span class='ocrx_word' id='word_1_80' title='bbox 463 763 636 805; x_wconf 63' lang='lat' dir='ltr'>coactum,</span> <span class='ocrx_word' id='word_1_81' title='bbox 658 770 726 795; x_wconf 89' lang='lat' dir='ltr'>sua</span> <span class='ocrx_word' id='word_1_82' title='bbox 756 764 896 808; x_wconf 89' lang='lat' dir='ltr'>sponte</span> <span class='ocrx_word' id='word_1_83' title='bbox 924 756 1119 803; x_wconf 86' lang='lat' dir='ltr'>sustinuit,</span> <span class='ocrx_word' id='word_1_84' title='bbox 1150 756 1244 804; x_wconf 89' lang='lat' dir='ltr'>(vid.</span> <span class='ocrx_word' id='word_1_85' title='bbox 1265 756 1334 794; x_wconf 85' lang='lat' dir='ltr'>Or.</span> <span class='ocrx_word' id='word_1_86' title='bbox 1354 754 1402 792; x_wconf 91' lang='lat' dir='ltr'>de</span> <span class='ocrx_word' id='word_1_87' title='bbox 1423 754 1542 805; x_wconf 83' lang='lat' dir='ltr'>Myst.</span> <span class='ocrx_word' id='word_1_88' title='bbox 1563 752 1646 790; x_wconf 92' lang='lat' dir='ltr'>init.</span> <span class='ocrx_word' id='word_1_89' title='bbox 1672 755 1713 788; x_wconf 83' lang='lat' dir='ltr'>et</span> 
     </span>
     <span class='ocr_line' id='line_1_10' title="bbox 260 814 1712 872; baseline -0.005 -14"><span class='ocrx_word' id='word_1_90' title='bbox 260 821 396 872; x_wconf 84' lang='lat' dir='ltr'>Lysias</span> <span class='ocrx_word' id='word_1_91' title='bbox 412 833 450 870; x_wconf 90' lang='lat' dir='ltr'>p.</span> <span class='ocrx_word' id='word_1_92' title='bbox 462 823 552 858; x_wconf 88' lang='lat'><strong>106.</strong></span> <span class='ocrx_word' id='word_1_93' title='bbox 568 834 602 857; x_wconf 90' lang='lat' dir='ltr'>v.</span> <span class='ocrx_word' id='word_1_94' title='bbox 618 819 675 867; x_wconf 87' lang='lat'>2.)</span> <span class='ocrx_word' id='word_1_95' title='bbox 694 819 880 856; x_wconf 86' lang='lat' dir='ltr'>liberatus</span> <span class='ocrx_word' id='word_1_96' title='bbox 896 818 1126 856; x_wconf 87' lang='lat' dir='ltr'>Andocides</span> <span class='ocrx_word' id='word_1_97' title='bbox 1141 817 1344 866; x_wconf 87' lang='lat' dir='ltr'>pristinum</span> <span class='ocrx_word' id='word_1_98' title='bbox 1359 816 1396 853; x_wconf 92' lang='lat' dir='ltr'>in</span> <span class='ocrx_word' id='word_1_99' title='bbox 1413 816 1568 854; x_wconf 86' lang='lat' dir='ltr'>civitate</span> <span class='ocrx_word' id='word_1_100' title='bbox 1582 814 1712 851; x_wconf 91' lang='lat' dir='ltr'>locum</span> 
     </span>
     <span class='ocr_line' id='line_1_11' title="bbox 260 875 1715 931; baseline -0.006 -11"><span class='ocrx_word' id='word_1_101' title='bbox 260 882 429 921; x_wconf 86' lang='lat' dir='ltr'>tenuisse</span> <span class='ocrx_word' id='word_1_102' title='bbox 451 882 615 927; x_wconf 88' lang='lat' dir='ltr'>videtur,</span> <span class='ocrx_word' id='word_1_103' title='bbox 637 886 677 919; x_wconf 89' lang='lat' dir='ltr'>et</span> <span class='ocrx_word' id='word_1_104' title='bbox 696 894 762 918; x_wconf 86' lang='lat' dir='ltr'>sex</span> <span class='ocrx_word' id='word_1_105' title='bbox 782 880 841 918; x_wconf 88' lang='lat' dir='ltr'>vel</span> <span class='ocrx_word' id='word_1_106' title='bbox 872 886 1018 931; x_wconf 85' lang='lat' dir='ltr'>septem</span> <span class='ocrx_word' id='word_1_107' title='bbox 1039 885 1130 930; x_wconf 91' lang='lat' dir='ltr'>post</span> <span class='ocrx_word' id='word_1_108' title='bbox 1150 892 1271 916; x_wconf 87' lang='lat' dir='ltr'>annos</span> <span class='ocrx_word' id='word_1_109' title='bbox 1292 879 1440 928; x_wconf 87' lang='lat' dir='ltr'>legatus</span> <span class='ocrx_word' id='word_1_110' title='bbox 1462 875 1715 915; x_wconf 87' lang='lat' dir='ltr'>Lacedaemo-</span> 
     </span>
     <span class='ocr_line' id='line_1_12' title="bbox 260 938 1715 994; baseline -0.006 -12"><span class='ocrx_word' id='word_1_111' title='bbox 260 958 348 982; x_wconf 86' lang='lat' dir='ltr'>nem</span> <span class='ocrx_word' id='word_1_112' title='bbox 376 944 425 982; x_wconf 90' lang='lat' dir='ltr'>ad</span> <span class='ocrx_word' id='word_1_113' title='bbox 455 956 591 994; x_wconf 84' lang='lat' dir='ltr'>pacem</span> <span class='ocrx_word' id='word_1_114' title='bbox 621 941 933 993; x_wconf 84' lang='lat' dir='ltr'>componendam</span> <span class='ocrx_word' id='word_1_115' title='bbox 963 941 1100 979; x_wconf 85' lang='lat' dir='ltr'>missus</span> <span class='ocrx_word' id='word_1_116' title='bbox 1131 946 1210 984; x_wconf 88' lang='lat' dir='ltr'>est;</span> <span class='ocrx_word' id='word_1_117' title='bbox 1237 940 1276 977; x_wconf 90' lang='lat' dir='ltr'>in</span> <span class='ocrx_word' id='word_1_118' title='bbox 1304 952 1378 988; x_wconf 89' lang='lat' dir='ltr'>qua</span> <span class='ocrx_word' id='word_1_119' title='bbox 1406 938 1597 989; x_wconf 86' lang='lat' dir='ltr'>legatione</span> <span class='ocrx_word' id='word_1_120' title='bbox 1626 948 1715 974; x_wconf 88' lang='lat' dir='ltr'>cum</span> 
     </span>
     <span class='ocr_line' id='line_1_13' title="bbox 260 997 1718 1055; baseline -0.005 -13"><span class='ocrx_word' id='word_1_121' title='bbox 260 1006 360 1043; x_wconf 85' lang='lat' dir='ltr'>male</span> <span class='ocrx_word' id='word_1_122' title='bbox 378 1018 416 1042; x_wconf 92' lang='lat' dir='ltr'>se</span> <span class='ocrx_word' id='word_1_123' title='bbox 432 1003 861 1055; x_wconf 83' lang='lat' dir='ltr'>gessissejudiearetur,</span> <span class='ocrx_word' id='word_1_124' title='bbox 877 1001 1350 1054; x_wconf 61' lang='lat' dir='ltr'>wapawpwfflec&#39;agjudicio</span> <span class='ocrx_word' id='word_1_125' title='bbox 1367 1000 1663 1044; x_wconf 86' lang='lat' dir='ltr'>condemnatus,</span> <span class='ocrx_word' id='word_1_126' title='bbox 1680 997 1718 1034; x_wconf 88' lang='lat' dir='ltr'>in</span> 
     </span>
     <span class='ocr_line' id='line_1_14' title="bbox 261 1058 1717 1116; baseline -0.005 -12"><span class='ocrx_word' id='word_1_127' title='bbox 261 1067 441 1105; x_wconf 85' lang='lat' dir='ltr'>exsilium</span> <span class='ocrx_word' id='word_1_128' title='bbox 462 1066 657 1116; x_wconf 87' lang='lat' dir='ltr'>expulsus,</span> <span class='ocrx_word' id='word_1_129' title='bbox 673 1065 781 1103; x_wconf 83' lang='lat' dir='ltr'>exsul</span> <span class='ocrx_word' id='word_1_130' title='bbox 801 1065 903 1103; x_wconf 89' lang='lat' dir='ltr'>obiit</span> <span class='ocrx_word' id='word_1_131' title='bbox 922 1065 1016 1116; x_wconf 83' lang='lat' dir='ltr'>(vid.</span> <span class='ocrx_word' id='word_1_132' title='bbox 1039 1062 1447 1102; x_wconf 87' lang='lat' dir='ltr'>Pseudo-Plutarchus</span> <span class='ocrx_word' id='word_1_133' title='bbox 1468 1067 1506 1099; x_wconf 92' lang='lat' dir='ltr'>et</span> <span class='ocrx_word' id='word_1_134' title='bbox 1524 1058 1717 1109; x_wconf 86' lang='lat' dir='ltr'>Photius),</span> 
     </span>
     <span class='ocr_line' id='line_1_15' title="bbox 263 1121 1720 1180; baseline -0.006 -13"><span class='ocrx_word' id='word_1_135' title='bbox 263 1130 396 1180; x_wconf 88' lang='lat' dir='ltr'>stirpis</span> <span class='ocrx_word' id='word_1_136' title='bbox 416 1142 497 1167; x_wconf 83' lang='lat' dir='ltr'>suae</span> <span class='ocrx_word' id='word_1_137' title='bbox 516 1129 685 1166; x_wconf 92' lang='lat' dir='ltr'>ultimus.</span> <span class='ocrx_word' id='word_1_138' title='bbox 740 1127 843 1165; x_wconf 89' lang='lat' dir='ltr'>Nam</span> <span class='ocrx_word' id='word_1_139' title='bbox 862 1128 1002 1165; x_wconf 88' lang='lat' dir='ltr'>liberos</span> <span class='ocrx_word' id='word_1_140' title='bbox 1022 1126 1128 1163; x_wconf 90' lang='lat' dir='ltr'>illum</span> <span class='ocrx_word' id='word_1_141' title='bbox 1156 1124 1357 1173; x_wconf 86' lang='lat' dir='ltr'>reliquisse</span> <span class='ocrx_word' id='word_1_142' title='bbox 1387 1136 1464 1160; x_wconf 90' lang='lat' dir='ltr'>non</span> <span class='ocrx_word' id='word_1_143' title='bbox 1494 1128 1552 1160; x_wconf 90' lang='lat' dir='ltr'>est</span> <span class='ocrx_word' id='word_1_144' title='bbox 1577 1121 1720 1172; x_wconf 89' lang='lat' dir='ltr'>proba-</span> 
     </span>
     <span class='ocr_line' id='line_1_16' title="bbox 264 1183 1721 1241; baseline -0.005 -12"><span class='ocrx_word' id='word_1_145' title='bbox 264 1192 356 1238; x_wconf 83' lang='lat' dir='ltr'>bile,</span> <span class='ocrx_word' id='word_1_146' title='bbox 376 1204 464 1229; x_wconf 91' lang='lat' dir='ltr'>cum</span> <span class='ocrx_word' id='word_1_147' title='bbox 483 1190 768 1241; x_wconf 80' lang='lat' dir='ltr'>septuagesimo</span> <span class='ocrx_word' id='word_1_148' title='bbox 788 1189 916 1227; x_wconf 87' lang='lat' dir='ltr'>aetatis</span> <span class='ocrx_word' id='word_1_149' title='bbox 934 1202 1051 1234; x_wconf 89' lang='lat' dir='ltr'>anno,</span> <span class='ocrx_word' id='word_1_150' title='bbox 1074 1201 1154 1238; x_wconf 95' lang='lat' dir='ltr'>quo</span> <span class='ocrx_word' id='word_1_151' title='bbox 1181 1199 1340 1224; x_wconf 89' lang='lat' dir='ltr'>causam</span> <span class='ocrx_word' id='word_1_152' title='bbox 1367 1185 1549 1232; x_wconf 76' lang='grc' dir='ltr'><em>ἐνδείξεως</em></span> <span class='ocrx_word' id='word_1_153' title='bbox 1569 1184 1649 1222; x_wconf 90' lang='lat' dir='ltr'>sive</span> <span class='ocrx_word' id='word_1_154' title='bbox 1671 1183 1721 1221; x_wconf 88' lang='lat' dir='ltr'>de</span> 
     </span>
     <span class='ocr_line' id='line_1_17' title="bbox 263 1245 1721 1304; baseline -0.005 -14"><span class='ocrx_word' id='word_1_155' title='bbox 263 1251 465 1304; x_wconf 84' lang='lat' dir='ltr'>Mysteriis</span> <span class='ocrx_word' id='word_1_156' title='bbox 484 1251 623 1297; x_wconf 89' lang='lat' dir='ltr'>oravit,</span> <span class='ocrx_word' id='word_1_157' title='bbox 643 1251 768 1288; x_wconf 91' lang='lat' dir='ltr'>nullos</span> <span class='ocrx_word' id='word_1_158' title='bbox 789 1257 1057 1300; x_wconf 81' lang='lat' dir='ltr'>procreasset:</span> <span class='ocrx_word' id='word_1_159' title='bbox 1090 1248 1166 1286; x_wconf 90' lang='lat' dir='ltr'>vid.</span> <span class='ocrx_word' id='word_1_160' title='bbox 1195 1261 1234 1298; x_wconf 92' lang='lat' dir='ltr'>p.</span> <span class='ocrx_word' id='word_1_161' title='bbox 1255 1251 1321 1285; x_wconf 87' lang='lat'>19.</span> <span class='ocrx_word' id='word_1_162' title='bbox 1342 1261 1378 1285; x_wconf 88' lang='lat' dir='ltr'>v.</span> <span class='ocrx_word' id='word_1_163' title='bbox 1398 1251 1436 1283; x_wconf 91' lang='lat'>6.</span> <span class='ocrx_word' id='word_1_164' title='bbox 1458 1255 1497 1284; x_wconf 88' lang='lat' dir='ltr'>et</span> <span class='ocrx_word' id='word_1_165' title='bbox 1517 1251 1582 1284; x_wconf 84' lang='grc'><strong>18.</strong></span> <span class='ocrx_word' id='word_1_166' title='bbox 1613 1245 1721 1295; x_wconf 88' lang='lat' dir='ltr'>quod</span> 
     </span>
     <span class='ocr_line' id='line_1_18' title="bbox 263 1307 1725 1359; baseline -0.005 -7"><span class='ocrx_word' id='word_1_167' title='bbox 263 1327 355 1353; x_wconf 86' lang='lat' dir='ltr'>cum</span> <span class='ocrx_word' id='word_1_168' title='bbox 385 1314 474 1351; x_wconf 83' lang='lat' dir='ltr'>vitae</span> <span class='ocrx_word' id='word_1_169' title='bbox 496 1312 597 1350; x_wconf 92' lang='lat' dir='ltr'>illius</span> <span class='ocrx_word' id='word_1_170' title='bbox 617 1311 849 1350; x_wconf 80' lang='lat' dir='ltr'>errabundae</span> <span class='ocrx_word' id='word_1_171' title='bbox 870 1310 1120 1348; x_wconf 88' lang='lat' dir='ltr'>tribuendum</span> <span class='ocrx_word' id='word_1_172' title='bbox 1150 1315 1260 1359; x_wconf 88' lang='lat' dir='ltr'>puto,</span> <span class='ocrx_word' id='word_1_173' title='bbox 1284 1315 1363 1346; x_wconf 89' lang='lat' dir='ltr'>tum</span> <span class='ocrx_word' id='word_1_174' title='bbox 1391 1307 1542 1358; x_wconf 89' lang='lat' dir='ltr'>impuro</span> <span class='ocrx_word' id='word_1_175' title='bbox 1563 1307 1725 1345; x_wconf 88' lang='lat' dir='ltr'>Veneris</span> 
     </span>
     <span class='ocr_line' id='line_1_19' title="bbox 264 1368 1725 1421; baseline -0.005 -8"><span class='ocrx_word' id='word_1_176' title='bbox 264 1375 412 1421; x_wconf 79' lang='lat' dir='ltr'>studio,</span> <span class='ocrx_word' id='word_1_177' title='bbox 440 1374 502 1413; x_wconf 87' lang='lat' dir='ltr'>cui</span> <span class='ocrx_word' id='word_1_178' title='bbox 533 1373 708 1411; x_wconf 91' lang='lat' dir='ltr'>deditum</span> <span class='ocrx_word' id='word_1_179' title='bbox 734 1373 852 1410; x_wconf 84' lang='lat' dir='ltr'>fuisse</span> <span class='ocrx_word' id='word_1_180' title='bbox 873 1373 1077 1409; x_wconf 86' lang='lat' dir='ltr'>Oratorem</span> <span class='ocrx_word' id='word_1_181' title='bbox 1099 1371 1190 1408; x_wconf 85' lang='lat' dir='ltr'>satis</span> <span class='ocrx_word' id='word_1_182' title='bbox 1220 1376 1329 1420; x_wconf 89' lang='lat' dir='ltr'>patet</span> <span class='ocrx_word' id='word_1_183' title='bbox 1356 1383 1402 1407; x_wconf 89' lang='lat' dir='ltr'>ex</span> <span class='ocrx_word' id='word_1_184' title='bbox 1423 1370 1512 1406; x_wconf 90' lang='lat' dir='ltr'>loco</span> <span class='ocrx_word' id='word_1_185' title='bbox 1533 1368 1582 1406; x_wconf 91' lang='lat' dir='ltr'>de</span> <span class='ocrx_word' id='word_1_186' title='bbox 1602 1369 1725 1420; x_wconf 86' lang='lat' dir='ltr'>Myst.</span> 
     </span>
     <span class='ocr_line' id='line_1_20' title="bbox 267 1431 1742 1489; baseline -0.005 -13"><span class='ocrx_word' id='word_1_187' title='bbox 267 1451 310 1489; x_wconf 90' lang='lat' dir='ltr'>p.</span> <span class='ocrx_word' id='word_1_188' title='bbox 330 1441 394 1476; x_wconf 84' lang='lat'>13.</span> <span class='ocrx_word' id='word_1_189' title='bbox 414 1450 452 1475; x_wconf 92' lang='lat' dir='ltr'>v.</span> <span class='ocrx_word' id='word_1_190' title='bbox 472 1440 536 1477; x_wconf 82' lang='lat'>27.</span> <span class='ocrx_word' id='word_1_191' title='bbox 569 1435 636 1473; x_wconf 89' lang='lat' dir='ltr'>ubi</span> <span class='ocrx_word' id='word_1_192' title='bbox 656 1435 858 1485; x_wconf 85' lang='lat' dir='ltr'>objectum</span> <span class='ocrx_word' id='word_1_193' title='bbox 886 1433 958 1471; x_wconf 92' lang='lat' dir='ltr'>sibi</span> <span class='ocrx_word' id='word_1_194' title='bbox 991 1434 1117 1484; x_wconf 85' lang='lat' dir='ltr'>turpis</span> <span class='ocrx_word' id='word_1_195' title='bbox 1151 1432 1291 1470; x_wconf 91' lang='lat' dir='ltr'>amoris</span> <span class='ocrx_word' id='word_1_196' title='bbox 1321 1431 1505 1482; x_wconf 86' lang='lat' dir='ltr'>probrum</span> <span class='ocrx_word' id='word_1_197' title='bbox 1526 1436 1742 1479; x_wconf 71' lang='lat' dir='ltr'>retorquet</span> 
     </span>
     <span class='ocr_line' id='line_1_21' title="bbox 270 1492 1728 1550; baseline -0.005 -12"><span class='ocrx_word' id='word_1_198' title='bbox 270 1499 424 1550; x_wconf 88' lang='lat' dir='ltr'>quidem</span> <span class='ocrx_word' id='word_1_199' title='bbox 438 1499 477 1536; x_wconf 91' lang='lat' dir='ltr'>in</span> <span class='ocrx_word' id='word_1_200' title='bbox 496 1497 772 1548; x_wconf 82' lang='lat' dir='ltr'>adversarium,</span> <span class='ocrx_word' id='word_1_201' title='bbox 787 1509 863 1534; x_wconf 91' lang='lat' dir='ltr'>non</span> <span class='ocrx_word' id='word_1_202' title='bbox 881 1496 964 1547; x_wconf 88' lang='lat' dir='ltr'>ipse</span> <span class='ocrx_word' id='word_1_203' title='bbox 979 1508 1001 1533; x_wconf 88' lang='lat' dir='ltr'>a</span> <span class='ocrx_word' id='word_1_204' title='bbox 1018 1508 1057 1533; x_wconf 89' lang='lat' dir='ltr'>se</span> <span class='ocrx_word' id='word_1_205' title='bbox 1075 1500 1254 1536; x_wconf 82' lang='lat' dir='ltr'>amovet:</span> <span class='ocrx_word' id='word_1_206' title='bbox 1285 1506 1409 1541; x_wconf 89' lang='lat' dir='ltr'>neque</span> <span class='ocrx_word' id='word_1_207' title='bbox 1429 1492 1523 1530; x_wconf 92' lang='lat' dir='ltr'>illud</span> <span class='ocrx_word' id='word_1_208' title='bbox 1543 1492 1728 1531; x_wconf 86' lang='lat' dir='ltr'>abhorret</span> 
     </span>
     <span class='ocr_line' id='line_1_22' title="bbox 269 1554 1728 1610; baseline -0.005 -10"><span class='ocrx_word' id='word_1_209' title='bbox 269 1562 322 1600; x_wconf 84' lang='lat' dir='ltr'>ab</span> <span class='ocrx_word' id='word_1_210' title='bbox 341 1561 473 1599; x_wconf 89' lang='lat' dir='ltr'>indole</span> <span class='ocrx_word' id='word_1_211' title='bbox 494 1560 744 1610; x_wconf 89' lang='lat' dir='ltr'>moribusque</span> <span class='ocrx_word' id='word_1_212' title='bbox 764 1564 804 1596; x_wconf 90' lang='lat' dir='ltr'>et</span> <span class='ocrx_word' id='word_1_213' title='bbox 820 1557 1052 1603; x_wconf 89' lang='lat' dir='ltr'>Andocidis,</span> <span class='ocrx_word' id='word_1_214' title='bbox 1073 1563 1111 1595; x_wconf 91' lang='lat' dir='ltr'>et</span> <span class='ocrx_word' id='word_1_215' title='bbox 1131 1554 1397 1594; x_wconf 78' lang='lat' dir='ltr'>universorum</span> <span class='ocrx_word' id='word_1_216' title='bbox 1417 1554 1728 1602; x_wconf 87' lang='lat' dir='ltr'>Atheniensium,</span> 
     </span>
     <span class='ocr_line' id='line_1_23' title="bbox 268 1615 1733 1671; baseline -0.005 -10"><span class='ocrx_word' id='word_1_217' title='bbox 268 1637 319 1662; x_wconf 86' lang='lat' dir='ltr'>ac</span> <span class='ocrx_word' id='word_1_218' title='bbox 341 1622 503 1661; x_wconf 80' lang='lat' dir='ltr'>maxime</span> <span class='ocrx_word' id='word_1_219' title='bbox 523 1621 683 1659; x_wconf 82' lang='lat' dir='ltr'>divitum</span> <span class='ocrx_word' id='word_1_220' title='bbox 705 1628 744 1658; x_wconf 89' lang='lat' dir='ltr'>et</span> <span class='ocrx_word' id='word_1_221' title='bbox 762 1625 966 1671; x_wconf 88' lang='lat' dir='ltr'>potentum</span> <span class='ocrx_word' id='word_1_222' title='bbox 998 1618 1123 1657; x_wconf 89' lang='lat' dir='ltr'>isthac</span> <span class='ocrx_word' id='word_1_223' title='bbox 1150 1622 1291 1659; x_wconf 83' lang='lat' dir='ltr'>aetate:</span> <span class='ocrx_word' id='word_1_224' title='bbox 1321 1616 1427 1668; x_wconf 90' lang='lat' dir='ltr'>quod</span> <span class='ocrx_word' id='word_1_225' title='bbox 1450 1616 1554 1654; x_wconf 88' lang='lat' dir='ltr'>hand</span> <span class='ocrx_word' id='word_1_226' title='bbox 1574 1615 1733 1667; x_wconf 83' lang='lat' dir='ltr'>negabit</span> 
     </span>
     <span class='ocr_line' id='line_1_24' title="bbox 275 1678 1729 1737; baseline -0.006 -13"><span class='ocrx_word' id='word_1_227' title='bbox 275 1687 343 1737; x_wconf 93' lang='lat' dir='ltr'>qui</span> <span class='ocrx_word' id='word_1_228' title='bbox 363 1686 401 1723; x_wconf 91' lang='lat' dir='ltr'>in</span> <span class='ocrx_word' id='word_1_229' title='bbox 427 1686 638 1723; x_wconf 88' lang='lat' dir='ltr'>Oratorum</span> <span class='ocrx_word' id='word_1_230' title='bbox 660 1689 699 1721; x_wconf 87' lang='lat' dir='ltr'>et</span> <span class='ocrx_word' id='word_1_231' title='bbox 725 1682 999 1732; x_wconf 84' lang='lat' dir='ltr'>Aristophanis</span> <span class='ocrx_word' id='word_1_232' title='bbox 1018 1680 1186 1718; x_wconf 90' lang='lat' dir='ltr'>lectione</span> <span class='ocrx_word' id='word_1_233' title='bbox 1206 1679 1447 1728; x_wconf 87' lang='lat' dir='ltr'>aliquantum</span> <span class='ocrx_word' id='word_1_234' title='bbox 1474 1678 1524 1716; x_wconf 89' lang='lat' dir='ltr'>sit</span> <span class='ocrx_word' id='word_1_235' title='bbox 1542 1683 1729 1716; x_wconf 86' lang='lat' dir='ltr'>versatus.</span> 
     </span>
     <span class='ocr_line' id='line_1_25' title="bbox 273 1739 1730 1796; baseline -0.007 -10"><span class='ocrx_word' id='word_1_236' title='bbox 273 1747 395 1792; x_wconf 80' lang='lat' dir='ltr'>Quod</span> <span class='ocrx_word' id='word_1_237' title='bbox 413 1752 541 1785; x_wconf 87' lang='lat' dir='ltr'>autem</span> <span class='ocrx_word' id='word_1_238' title='bbox 571 1745 856 1796; x_wconf 87' lang='lat' dir='ltr'>Antiphontem</span> <span class='ocrx_word' id='word_1_239' title='bbox 877 1742 1072 1781; x_wconf 89' lang='lat' dir='ltr'>Andocidi</span> <span class='ocrx_word' id='word_1_240' title='bbox 1092 1741 1210 1780; x_wconf 90' lang='lat' dir='ltr'>filium</span> <span class='ocrx_word' id='word_1_241' title='bbox 1232 1741 1328 1779; x_wconf 86' lang='lat' dir='ltr'>dant</span> <span class='ocrx_word' id='word_1_242' title='bbox 1354 1739 1510 1777; x_wconf 85' lang='lat' dir='ltr'>Scholia</span> <span class='ocrx_word' id='word_1_243' title='bbox 1529 1739 1730 1790; x_wconf 86' lang='lat' dir='ltr'>Aristoph.</span> 
     </span>
     <span class='ocr_line' id='line_1_26' title="bbox 274 1800 1733 1860; baseline -0.008 -12"><span class='ocrx_word' id='word_1_244' title='bbox 274 1810 324 1848; x_wconf 90' lang='lat' dir='ltr'>ad</span> <span class='ocrx_word' id='word_1_245' title='bbox 344 1810 466 1860; x_wconf 90' lang='lat' dir='ltr'>Vesp.</span> <span class='ocrx_word' id='word_1_246' title='bbox 486 1812 606 1847; x_wconf 80' lang='lat'><strong>1262.</strong></span> <span class='ocrx_word' id='word_1_247' title='bbox 636 1808 747 1845; x_wconf 92' lang='lat' dir='ltr'>locus</span> <span class='ocrx_word' id='word_1_248' title='bbox 779 1806 917 1857; x_wconf 90' lang='lat' dir='ltr'>procul</span> <span class='ocrx_word' id='word_1_249' title='bbox 947 1804 1068 1843; x_wconf 81' lang='lat' dir='ltr'>(lubio</span> <span class='ocrx_word' id='word_1_250' title='bbox 1097 1803 1254 1842; x_wconf 91' lang='lat' dir='ltr'>mutilus</span> <span class='ocrx_word' id='word_1_251' title='bbox 1284 1807 1355 1848; x_wconf 86' lang='lat' dir='ltr'>est,</span> <span class='ocrx_word' id='word_1_252' title='bbox 1378 1806 1417 1839; x_wconf 87' lang='lat' dir='ltr'>et</span> <span class='ocrx_word' id='word_1_253' title='bbox 1437 1800 1618 1839; x_wconf 88' lang='lat' dir='ltr'>videntur</span> <span class='ocrx_word' id='word_1_254' title='bbox 1638 1813 1733 1838; x_wconf 91' lang='lat' dir='ltr'>non-</span> 
     </span>
     <span class='ocr_line' id='line_1_27' title="bbox 274 1863 1732 1921; baseline -0.007 -11"><span class='ocrx_word' id='word_1_255' title='bbox 274 1873 382 1911; x_wconf 84' lang='lat' dir='ltr'>nulla</span> <span class='ocrx_word' id='word_1_256' title='bbox 401 1872 451 1910; x_wconf 92' lang='lat' dir='ltr'>de</span> <span class='ocrx_word' id='word_1_257' title='bbox 471 1871 715 1921; x_wconf 89' lang='lat' dir='ltr'>Antiphonte</span> <span class='ocrx_word' id='word_1_258' title='bbox 736 1869 855 1907; x_wconf 86' lang='lat' dir='ltr'>fuisse</span> <span class='ocrx_word' id='word_1_259' title='bbox 875 1867 994 1915; x_wconf 88' lang='lat' dir='ltr'>dicta,</span> <span class='ocrx_word' id='word_1_260' title='bbox 1014 1873 1094 1905; x_wconf 86' lang='lat' dir='ltr'>tum</span> <span class='ocrx_word' id='word_1_261' title='bbox 1113 1868 1162 1904; x_wconf 93' lang='lat' dir='ltr'>de</span> <span class='ocrx_word' id='word_1_262' title='bbox 1182 1867 1355 1913; x_wconf 88' lang='lat' dir='ltr'>Leogora</span> <span class='ocrx_word' id='word_1_263' title='bbox 1373 1863 1586 1913; x_wconf 83' lang='lat' dir='ltr'>subjecisse</span> <span class='ocrx_word' id='word_1_264' title='bbox 1606 1863 1732 1901; x_wconf 89' lang='lat' dir='ltr'>Scho-</span> 
     </span>
     <span class='ocr_line' id='line_1_28' title="bbox 277 1925 1733 1982; baseline -0.007 -10"><span class='ocrx_word' id='word_1_265' title='bbox 277 1935 430 1981; x_wconf 86' lang='lat' dir='ltr'>liasten,</span> <span class='ocrx_word' id='word_1_266' title='bbox 449 1933 556 1970; x_wconf 92' lang='lat' dir='ltr'>illum</span> <span class='ocrx_word' id='word_1_267' title='bbox 577 1931 697 1970; x_wconf 82' lang='lat' dir='ltr'>fuisse</span> <span class='ocrx_word' id='word_1_268' title='bbox 715 1936 864 1982; x_wconf 88' lang='lat' dir='ltr'>patrem</span> <span class='ocrx_word' id='word_1_269' title='bbox 880 1929 1111 1967; x_wconf 88' lang='lat' dir='ltr'>Andocidis.</span> <span class='ocrx_word' id='word_1_270' title='bbox 1150 1929 1303 1966; x_wconf 84' lang='lat' dir='ltr'>Fratres</span> <span class='ocrx_word' id='word_1_271' title='bbox 1320 1925 1456 1964; x_wconf 85' lang='lat' dir='ltr'>habuit</span> <span class='ocrx_word' id='word_1_272' title='bbox 1475 1925 1621 1966; x_wconf 89' lang='lat' dir='ltr'>nullos:</span> <span class='ocrx_word' id='word_1_273' title='bbox 1653 1925 1733 1963; x_wconf 89' lang='lat' dir='ltr'>vid.</span> 
     </span>
     <span class='ocr_line' id='line_1_29' title="bbox 278 1987 1733 2048; baseline -0.006 -14"><span class='ocrx_word' id='word_1_274' title='bbox 278 2009 319 2048; x_wconf 89' lang='lat' dir='ltr'>p.</span> <span class='ocrx_word' id='word_1_275' title='bbox 340 1999 405 2033; x_wconf 84' lang='lat'>19.</span> <span class='ocrx_word' id='word_1_276' title='bbox 426 2008 461 2033; x_wconf 90' lang='lat' dir='ltr'>v.</span> <span class='ocrx_word' id='word_1_277' title='bbox 481 1998 546 2032; x_wconf 83' lang='lat'>18.</span> <span class='ocrx_word' id='word_1_278' title='bbox 581 2006 752 2031; x_wconf 87' lang='lat' dir='ltr'>sororem</span> <span class='ocrx_word' id='word_1_279' title='bbox 784 1992 949 2038; x_wconf 83' lang='lat' dir='ltr'>unicam,</span> <span class='ocrx_word' id='word_1_280' title='bbox 977 1991 1114 2029; x_wconf 88' lang='lat' dir='ltr'>Calliae</span> <span class='ocrx_word' id='word_1_281' title='bbox 1131 1989 1301 2027; x_wconf 90' lang='lat' dir='ltr'>Teleclis</span> <span class='ocrx_word' id='word_1_282' title='bbox 1331 1988 1412 2026; x_wconf 86' lang='lat' dir='ltr'>filio</span> <span class='ocrx_word' id='word_1_283' title='bbox 1441 1993 1626 2038; x_wconf 87' lang='lat' dir='ltr'>nuptam:</span> <span class='ocrx_word' id='word_1_284' title='bbox 1653 1987 1733 2025; x_wconf 90' lang='lat' dir='ltr'>vid.</span> 
     </span>
     <span class='ocr_line' id='line_1_30' title="bbox 280 2048 1735 2109; baseline -0.007 -14"><span class='ocrx_word' id='word_1_285' title='bbox 280 2058 323 2109; x_wconf 78' lang='lat' dir='ltr'>p.</span> <span class='ocrx_word' id='word_1_286' title='bbox 343 2059 381 2095; x_wconf 88' lang='lat'>6.</span> <span class='ocrx_word' id='word_1_287' title='bbox 396 2069 431 2094; x_wconf 91' lang='lat' dir='ltr'>v.</span> <span class='ocrx_word' id='word_1_288' title='bbox 448 2058 510 2093; x_wconf 84' lang='lat'>35.</span> <span class='ocrx_word' id='word_1_289' title='bbox 533 2054 705 2092; x_wconf 83' lang='lat' dir='ltr'>fortunas</span> <span class='ocrx_word' id='word_1_290' title='bbox 725 2065 894 2103; x_wconf 85' lang='lat' dir='ltr'>magnas,</span> <span class='ocrx_word' id='word_1_291' title='bbox 914 2065 1011 2102; x_wconf 86' lang='lat' dir='ltr'>quas</span> <span class='ocrx_word' id='word_1_292' title='bbox 1033 2058 1161 2089; x_wconf 89' lang='lat' dir='ltr'>tamen</span> <span class='ocrx_word' id='word_1_293' title='bbox 1181 2051 1263 2101; x_wconf 88' lang='lat' dir='ltr'>ipse</span> <span class='ocrx_word' id='word_1_294' title='bbox 1283 2055 1420 2100; x_wconf 89' lang='lat' dir='ltr'>postea</span> <span class='ocrx_word' id='word_1_295' title='bbox 1431 2048 1541 2086; x_wconf 90' lang='lat' dir='ltr'>valde</span> <span class='ocrx_word' id='word_1_296' title='bbox 1557 2048 1735 2086; x_wconf 89' lang='lat' dir='ltr'>imminu-</span> 
     </span>
     <span class='ocr_line' id='line_1_31' title="bbox 280 2111 1737 2166; baseline -0.006 -8"><span class='ocrx_word' id='word_1_297' title='bbox 280 2126 339 2158; x_wconf 87' lang='lat' dir='ltr'>tas</span> <span class='ocrx_word' id='word_1_298' title='bbox 359 2131 443 2156; x_wconf 91' lang='lat' dir='ltr'>esse</span> <span class='ocrx_word' id='word_1_299' title='bbox 463 2116 559 2155; x_wconf 88' lang='lat' dir='ltr'>dicit</span> <span class='ocrx_word' id='word_1_300' title='bbox 576 2115 624 2153; x_wconf 90' lang='lat' dir='ltr'>de</span> <span class='ocrx_word' id='word_1_301' title='bbox 640 2116 762 2166; x_wconf 83' lang='lat' dir='ltr'>Myst.</span> <span class='ocrx_word' id='word_1_302' title='bbox 777 2127 816 2164; x_wconf 89' lang='lat' dir='ltr'>p.</span> <span class='ocrx_word' id='word_1_303' title='bbox 832 2118 897 2151; x_wconf 82' lang='lat'>18.</span> <span class='ocrx_word' id='word_1_304' title='bbox 913 2127 947 2151; x_wconf 94' lang='lat' dir='ltr'>v.</span> <span class='ocrx_word' id='word_1_305' title='bbox 962 2118 1027 2152; x_wconf 84' lang='lat'>14.</span> <span class='ocrx_word' id='word_1_306' title='bbox 1043 2119 1082 2151; x_wconf 89' lang='lat' dir='ltr'>et</span> <span class='ocrx_word' id='word_1_307' title='bbox 1098 2112 1302 2151; x_wconf 89' lang='lat' dir='ltr'>confirmat</span> <span class='ocrx_word' id='word_1_308' title='bbox 1315 2111 1450 2163; x_wconf 83' lang='lat' dir='ltr'>Lysias</span> <span class='ocrx_word' id='word_1_309' title='bbox 1464 2124 1503 2162; x_wconf 94' lang='lat' dir='ltr'>p.</span> <span class='ocrx_word' id='word_1_310' title='bbox 1516 2114 1607 2148; x_wconf 87' lang='lat'><strong>105.</strong></span> <span class='ocrx_word' id='word_1_311' title='bbox 1621 2124 1655 2148; x_wconf 89' lang='grc' dir='ltr'>ν.</span> <span class='ocrx_word' id='word_1_312' title='bbox 1671 2114 1737 2149; x_wconf 83' lang='grc'>43.</span> 
     </span>
    </p>

    <p class='ocr_par' dir='ltr' id='par_1_4' title="bbox 280 2171 1743 2536">
     <span class='ocr_line' id='line_1_32' title="bbox 335 2171 1738 2229; baseline -0.006 -12"><span class='ocrx_word' id='word_1_313' title='bbox 335 2181 438 2218; x_wconf 85' lang='lat' dir='ltr'>Haec</span> <span class='ocrx_word' id='word_1_314' title='bbox 465 2177 584 2229; x_wconf 84' lang='lat' dir='ltr'>igitur</span> <span class='ocrx_word' id='word_1_315' title='bbox 612 2177 724 2215; x_wconf 88' lang='lat' dir='ltr'>nobis</span> <span class='ocrx_word' id='word_1_316' title='bbox 755 2176 803 2214; x_wconf 93' lang='lat' dir='ltr'>de</span> <span class='ocrx_word' id='word_1_317' title='bbox 823 2176 900 2213; x_wconf 83' lang='lat' dir='ltr'>vita</span> <span class='ocrx_word' id='word_1_318' title='bbox 919 2175 1109 2226; x_wconf 88' lang='lat' dir='ltr'>rebusque</span> <span class='ocrx_word' id='word_1_319' title='bbox 1130 2174 1246 2226; x_wconf 86' lang='lat' dir='ltr'>gestis</span> <span class='ocrx_word' id='word_1_320' title='bbox 1266 2173 1482 2211; x_wconf 90' lang='lat' dir='ltr'>Andocidis</span> <span class='ocrx_word' id='word_1_321' title='bbox 1509 2171 1613 2210; x_wconf 89' lang='lat' dir='ltr'>dicta</span> <span class='ocrx_word' id='word_1_322' title='bbox 1632 2171 1738 2210; x_wconf 89' lang='lat' dir='ltr'>suffi-</span> 
     </span>
     <span class='ocr_line' id='line_1_33' title="bbox 280 2233 1738 2290; baseline -0.006 -11"><span class='ocrx_word' id='word_1_323' title='bbox 280 2242 401 2286; x_wconf 85' lang='lat' dir='ltr'>ciant,</span> <span class='ocrx_word' id='word_1_324' title='bbox 422 2240 503 2290; x_wconf 84' lang='lat' dir='ltr'>qui,</span> <span class='ocrx_word' id='word_1_325' title='bbox 533 2239 646 2277; x_wconf 87' lang='lat' dir='ltr'>variis</span> <span class='ocrx_word' id='word_1_326' title='bbox 666 2237 841 2288; x_wconf 85' lang='lat' dir='ltr'>jactatus</span> <span class='ocrx_word' id='word_1_327' title='bbox 869 2237 1034 2275; x_wconf 88' lang='lat' dir='ltr'>fortunae</span> <span class='ocrx_word' id='word_1_328' title='bbox 1065 2235 1262 2282; x_wconf 89' lang='lat' dir='ltr'>fluctibus,</span> <span class='ocrx_word' id='word_1_329' title='bbox 1292 2235 1408 2273; x_wconf 88' lang='lat' dir='ltr'>modo</span> <span class='ocrx_word' id='word_1_330' title='bbox 1436 2233 1577 2272; x_wconf 85' lang='lat' dir='ltr'>florens</span> <span class='ocrx_word' id='word_1_331' title='bbox 1599 2235 1639 2272; x_wconf 87' lang='lat' dir='ltr'>in</span> <span class='ocrx_word' id='word_1_332' title='bbox 1660 2233 1738 2271; x_wconf 88' lang='lat' dir='ltr'>Re-</span> 
     </span>
     <span class='ocr_line' id='line_1_34' title="bbox 283 2294 1741 2353; baseline -0.005 -14"><span class='ocrx_word' id='word_1_333' title='bbox 283 2302 454 2353; x_wconf 88' lang='lat' dir='ltr'>publica,</span> <span class='ocrx_word' id='word_1_334' title='bbox 476 2300 592 2338; x_wconf 89' lang='lat' dir='ltr'>modo</span> <span class='ocrx_word' id='word_1_335' title='bbox 622 2300 660 2337; x_wconf 91' lang='lat' dir='ltr'>in</span> <span class='ocrx_word' id='word_1_336' title='bbox 686 2312 877 2337; x_wconf 83' lang='lat' dir='ltr'>carcerem</span> <span class='ocrx_word' id='word_1_337' title='bbox 911 2298 1107 2344; x_wconf 88' lang='lat' dir='ltr'>detrusus,</span> <span class='ocrx_word' id='word_1_338' title='bbox 1129 2297 1244 2336; x_wconf 87' lang='lat' dir='ltr'>vitam</span> <span class='ocrx_word' id='word_1_339' title='bbox 1273 2297 1354 2348; x_wconf 81' lang='lat' dir='ltr'>egit</span> <span class='ocrx_word' id='word_1_340' title='bbox 1380 2295 1568 2342; x_wconf 88' lang='lat' dir='ltr'>miseram,</span> <span class='ocrx_word' id='word_1_341' title='bbox 1589 2294 1741 2333; x_wconf 89' lang='lat' dir='ltr'>civibus</span> 
     </span>
     <span class='ocr_line' id='line_1_35' title="bbox 282 2357 1743 2412; baseline -0.004 -12"><span class='ocrx_word' id='word_1_342' title='bbox 282 2365 365 2400; x_wconf 85' lang='lat' dir='ltr'>suis</span> <span class='ocrx_word' id='word_1_343' title='bbox 394 2363 575 2407; x_wconf 88' lang='lat' dir='ltr'>odiosus;</span> <span class='ocrx_word' id='word_1_344' title='bbox 605 2360 709 2412; x_wconf 88' lang='lat' dir='ltr'>apud</span> <span class='ocrx_word' id='word_1_345' title='bbox 743 2365 919 2411; x_wconf 85' lang='lat' dir='ltr'>posteros</span> <span class='ocrx_word' id='word_1_346' title='bbox 953 2360 1078 2398; x_wconf 82' lang='lat' dir='ltr'>clarus</span> <span class='ocrx_word' id='word_1_347' title='bbox 1107 2359 1340 2408; x_wconf 74' lang='lat' dir='ltr'>eloquentiae</span> <span class='ocrx_word' id='word_1_348' title='bbox 1363 2357 1493 2403; x_wconf 88' lang='lat' dir='ltr'>laude,</span> <span class='ocrx_word' id='word_1_349' title='bbox 1523 2361 1743 2395; x_wconf 81' lang='lat' dir='ltr'>contemtus</span> 
     </span>
     <span class='ocr_line' id='line_1_36' title="bbox 286 2417 1743 2476; baseline -0.004 -14"><span class='ocrx_word' id='word_1_350' title='bbox 286 2429 448 2476; x_wconf 84' lang='lat' dir='ltr'>propter</span> <span class='ocrx_word' id='word_1_351' title='bbox 467 2436 613 2461; x_wconf 89' lang='lat' dir='ltr'>morum</span> <span class='ocrx_word' id='word_1_352' title='bbox 634 2423 877 2473; x_wconf 88' lang='lat' dir='ltr'>pravitatem.</span> <span class='ocrx_word' id='word_1_353' title='bbox 932 2422 1017 2460; x_wconf 86' lang='lat' dir='ltr'>Jam</span> <span class='ocrx_word' id='word_1_354' title='bbox 1038 2434 1129 2460; x_wconf 91' lang='lat' dir='ltr'>vero</span> <span class='ocrx_word' id='word_1_355' title='bbox 1149 2420 1198 2459; x_wconf 89' lang='lat' dir='ltr'>de</span> <span class='ocrx_word' id='word_1_356' title='bbox 1227 2419 1379 2472; x_wconf 87' lang='lat' dir='ltr'>scriptis</span> <span class='ocrx_word' id='word_1_357' title='bbox 1407 2418 1507 2457; x_wconf 88' lang='lat' dir='ltr'>illius</span> <span class='ocrx_word' id='word_1_358' title='bbox 1532 2417 1743 2466; x_wconf 81' lang='lat' dir='ltr'>videamus,</span> 
     </span>
     <span class='ocr_line' id='line_1_37' title="bbox 284 2482 1024 2536; baseline -0.005 -11"><span class='ocrx_word' id='word_1_359' title='bbox 284 2491 330 2525; x_wconf 75' lang='lat' dir='ltr'>ct</span> <span class='ocrx_word' id='word_1_360' title='bbox 348 2484 397 2523; x_wconf 86' lang='lat' dir='ltr'>ad</span> <span class='ocrx_word' id='word_1_361' title='bbox 414 2490 563 2536; x_wconf 88' lang='lat' dir='ltr'>partem</span> <span class='ocrx_word' id='word_1_362' title='bbox 584 2483 758 2522; x_wconf 89' lang='lat' dir='ltr'>criticam</span> <span class='ocrx_word' id='word_1_363' title='bbox 777 2482 1024 2523; x_wconf 86' lang='lat' dir='ltr'>accedamus.</span> 
     </span>
    </p>
   </div>
   <div class='ocr_carea' id='block_1_3' title="bbox 932 2750 1107 2791">
    <p class='ocr_par' dir='ltr' id='par_1_5' title="bbox 932 2750 1107 2791">
     <span class='ocr_line' id='line_1_38' title="bbox 932 2750 1107 2791; textangle 90"><span class='ocrx_word' id='word_1_364' title='bbox 932 2750 1107 2791; x_wconf 58' lang='lat' dir='ltr'>n·</span> 
     </span>
    </p>
   </div>
  </div>
 </body>
</html>
