<?xml version="1.0" encoding="UTF-8"?>
<!DOCTYPE html PUBLIC "-//W3C//DTD XHTML 1.0 Transitional//EN"
    "http://www.w3.org/TR/xhtml1/DTD/xhtml1-transitional.dtd">
<html xmlns="http://www.w3.org/1999/xhtml" xml:lang="en" lang="en">
 <head>
  <title>
</title>
<meta http-equiv="Content-Type" content="text/html;charset=utf-8" />
  <meta name='ocr-system' content='tesseract 3.04.00' />
  <meta name='ocr-capabilities' content='ocr_page ocr_carea ocr_par ocr_line ocrx_word'/>
</head>
<body>
  <div class='ocr_page' id='page_1' title='image "./oratoresatticie01dobs_0451.png"; bbox 0 0 1816 3272; ppageno 0'>
   <div class='ocr_carea' id='block_1_1' title="bbox 669 228 1069 274">
    <p class='ocr_par' dir='ltr' id='par_1_1' title="bbox 669 228 1069 274">
     <span class='ocr_line' id='line_1_1' title="bbox 669 228 1069 274; baseline -0.005 0"><span class='ocrx_word' id='word_1_1' title='bbox 669 228 1069 274; x_wconf 86' lang='lat' dir='ltr'>ANDOCIDEAE.</span> 
     </span>
    </p>
   </div>
   <div class='ocr_carea' id='block_1_2' title="bbox 123 336 844 1438">
    <p class='ocr_par' dir='ltr' id='par_1_2' title="bbox 179 336 330 376">
     <span class='ocr_line' id='line_1_2' title="bbox 179 336 330 376; baseline 0 -7"><span class='ocrx_word' id='word_1_2' title='bbox 179 336 216 370; x_wconf 74' lang='lat' dir='ltr'><strong><em>ri.</em></strong></span> <span class='ocrx_word' id='word_1_3' title='bbox 232 340 285 376; x_wconf 79' lang='lat'><strong><em>63,</em></strong></span> <span class='ocrx_word' id='word_1_4' title='bbox 298 342 330 371; x_wconf 79' lang='lat'><strong><em>4.</em></strong></span> 
     </span>
    </p>

    <p class='ocr_par' dir='ltr' id='par_1_3' title="bbox 135 379 532 422">
     <span class='ocr_line' id='line_1_3' title="bbox 135 379 532 422; baseline 0 -11"><span class='ocrx_word' id='word_1_5' title='bbox 135 381 252 413; x_wconf 62' lang='grc' dir='ltr'><strong><em>κόπτειν</em></strong></span> <span class='ocrx_word' id='word_1_6' title='bbox 267 383 315 412; x_wconf 76' lang='grc' dir='ltr'><strong><em>τῆν</em></strong></span> <span class='ocrx_word' id='word_1_7' title='bbox 330 379 419 422; x_wconf 72' lang='grc' dir='ltr'><strong><em>θύςαν.</em></strong></span> <span class='ocrx_word' id='word_1_8' title='bbox 432 383 485 417; x_wconf 88' lang='grc'><strong><em>21,</em></strong></span> <span class='ocrx_word' id='word_1_9' title='bbox 501 385 532 412; x_wconf 88' lang='grc'><strong><em>1.</em></strong></span> 
     </span>
    </p>

    <p class='ocr_par' dir='ltr' id='par_1_4' title="bbox 136 422 813 463">
     <span class='ocr_line' id='line_1_4' title="bbox 136 422 813 463; baseline 0 -10"><span class='ocrx_word' id='word_1_10' title='bbox 136 423 329 463; x_wconf 61' lang='grc' dir='ltr'><strong><em>κρατιστεύειν</em></strong></span> <span class='ocrx_word' id='word_1_11' title='bbox 340 423 417 462; x_wconf 78' lang='grc' dir='ltr'><strong><em>μόνοι</em></strong></span> <span class='ocrx_word' id='word_1_12' title='bbox 433 427 488 453; x_wconf 75' lang='grc' dir='ltr'><strong><em>τῶν</em></strong></span> <span class='ocrx_word' id='word_1_13' title='bbox 499 422 628 453; x_wconf 65' lang='grc' dir='ltr'><strong><em>πάντων.</em></strong></span> <span class='ocrx_word' id='word_1_14' title='bbox 642 424 695 458; x_wconf 88' lang='grc'><strong><em>97,</em></strong></span> <span class='ocrx_word' id='word_1_15' title='bbox 711 427 813 462; x_wconf 84' lang='lat' dir='ltr'>antep.</span> 
     </span>
    </p>

    <p class='ocr_par' dir='ltr' id='par_1_5' title="bbox 135 465 843 505">
     <span class='ocr_line' id='line_1_5' title="bbox 135 465 843 505; baseline 0.001 -11"><span class='ocrx_word' id='word_1_16' title='bbox 135 465 227 505; x_wconf 60' lang='grc' dir='ltr'><strong><em>κρίνειν</em></strong></span> <span class='ocrx_word' id='word_1_17' title='bbox 237 468 299 496; x_wconf 71' lang='grc' dir='ltr'><strong><em>τινὰ</em></strong></span> <span class='ocrx_word' id='word_1_18' title='bbox 312 465 343 496; x_wconf 78' lang='grc' dir='ltr'><strong><em>ἐκ</em></strong></span> <span class='ocrx_word' id='word_1_19' title='bbox 357 469 413 495; x_wconf 74' lang='grc' dir='ltr'><strong><em>τῶν</em></strong></span> <span class='ocrx_word' id='word_1_20' title='bbox 426 465 672 505; x_wconf 80' lang='grc' dir='ltr'><strong><em>ἐπιτηδευμάτων.</em></strong></span> <span class='ocrx_word' id='word_1_21' title='bbox 689 467 843 505; x_wconf 76' lang='grc' dir='ltr'><strong><em>129,ρειι.</em></strong></span> 
     </span>
    </p>

    <p class='ocr_par' dir='ltr' id='par_1_6' title="bbox 134 508 844 628">
     <span class='ocr_line' id='line_1_6' title="bbox 134 508 844 548; baseline 0.001 -11"><span class='ocrx_word' id='word_1_22' title='bbox 134 508 245 548; x_wconf 75' lang='grc' dir='ltr'><strong><em>κριτὴς]</em></strong></span> <span class='ocrx_word' id='word_1_23' title='bbox 269 508 376 548; x_wconf 75' lang='grc' dir='ltr'><strong><em>κςιταὶ,</em></strong></span> <span class='ocrx_word' id='word_1_24' title='bbox 401 509 452 547; x_wconf 88' lang='lat' dir='ltr'><strong><em>qui</em></strong></span> <span class='ocrx_word' id='word_1_25' title='bbox 475 509 504 537; x_wconf 92' lang='lat' dir='ltr'>in</span> <span class='ocrx_word' id='word_1_26' title='bbox 527 509 608 538; x_wconf 93' lang='lat' dir='ltr'>ludis</span> <span class='ocrx_word' id='word_1_27' title='bbox 623 508 789 537; x_wconf 75' lang='lat' dir='ltr'>octonariis</span> <span class='ocrx_word' id='word_1_28' title='bbox 805 509 844 538; x_wconf 87' lang='lat' dir='ltr'><strong><em>de</em></strong></span> 
     </span>
     <span class='ocr_line' id='line_1_7' title="bbox 178 551 841 590; baseline 0.002 -11"><span class='ocrx_word' id='word_1_29' title='bbox 178 551 316 580; x_wconf 84' lang='lat' dir='ltr'>victoriis</span> <span class='ocrx_word' id='word_1_30' title='bbox 325 551 531 580; x_wconf 85' lang='lat' dir='ltr'><strong>decernebant</strong></span> <span class='ocrx_word' id='word_1_31' title='bbox 541 555 572 580; x_wconf 85' lang='lat' dir='ltr'><strong><em>et</em></strong></span> <span class='ocrx_word' id='word_1_32' title='bbox 583 551 707 589; x_wconf 71' lang='lat' dir='ltr'>praemia</span> <span class='ocrx_word' id='word_1_33' title='bbox 715 551 841 590; x_wconf 89' lang='lat' dir='ltr'>dispen-</span> 
     </span>
     <span class='ocr_line' id='line_1_8' title="bbox 178 594 517 628; baseline 0.003 -7"><span class='ocrx_word' id='word_1_34' title='bbox 178 594 295 622; x_wconf 87' lang='lat' dir='ltr'>sabant.</span> <span class='ocrx_word' id='word_1_35' title='bbox 308 595 380 628; x_wconf 85' lang='grc'><strong>122,</strong></span> <span class='ocrx_word' id='word_1_36' title='bbox 396 595 427 622; x_wconf 92' lang='grc'><strong><em>7.</em></strong></span> <span class='ocrx_word' id='word_1_37' title='bbox 443 597 474 622; x_wconf 92' lang='lat' dir='ltr'><strong><em>et</em></strong></span> <span class='ocrx_word' id='word_1_38' title='bbox 486 595 517 624; x_wconf 87' lang='lat'><strong><em>9.</em></strong></span> 
     </span>
    </p>

    <p class='ocr_par' dir='ltr' id='par_1_7' title="bbox 132 634 635 675">
     <span class='ocr_line' id='line_1_9' title="bbox 132 634 635 675; baseline 0.004 -12"><span class='ocrx_word' id='word_1_39' title='bbox 132 634 249 674; x_wconf 59' lang='grc' dir='ltr'><strong><em>κρύβδην</em></strong></span> <span class='ocrx_word' id='word_1_40' title='bbox 260 634 497 675; x_wconf 70' lang='grc' dir='ltr'><strong><em>διαψηφίζεσθαι.</em></strong></span> <span class='ocrx_word' id='word_1_41' title='bbox 515 637 590 670; x_wconf 88' lang='grc'><strong>112,</strong></span> <span class='ocrx_word' id='word_1_42' title='bbox 604 638 635 667; x_wconf 90' lang='grc'><strong><em>9.</em></strong></span> 
     </span>
    </p>

    <p class='ocr_par' dir='ltr' id='par_1_8' title="bbox 131 676 843 843">
     <span class='ocr_line' id='line_1_10' title="bbox 131 676 843 718; baseline 0.003 -13"><span class='ocrx_word' id='word_1_43' title='bbox 131 677 282 717; x_wconf 73' lang='grc' dir='ltr'><strong><em>κτᾶσὸαι]</em></strong></span> <span class='ocrx_word' id='word_1_44' title='bbox 300 679 348 707; x_wconf 73' lang='grc' dir='ltr'><strong><em>τὴν</em></strong></span> <span class='ocrx_word' id='word_1_45' title='bbox 363 676 386 706; x_wconf 84' lang='grc' dir='ltr'><strong><em>δ’</em></strong></span> <span class='ocrx_word' id='word_1_46' title='bbox 401 676 492 706; x_wconf 73' lang='grc' dir='ltr'><strong><em>οὐσίαν</em></strong></span> <span class='ocrx_word' id='word_1_47' title='bbox 506 676 591 718; x_wconf 70' lang='grc' dir='ltr'><strong><em>ἔσχον</em></strong></span> <span class='ocrx_word' id='word_1_48' title='bbox 613 677 661 707; x_wconf 77' lang='grc' dir='ltr'><strong><em>καὶ</em></strong></span> <span class='ocrx_word' id='word_1_49' title='bbox 683 676 843 708; x_wconf 76' lang='grc' dir='ltr'><strong><em>ἐκέκτηντο.</em></strong></span> 
     </span>
     <span class='ocr_line' id='line_1_11' title="bbox 174 720 843 760; baseline 0.001 -11"><span class='ocrx_word' id='word_1_50' title='bbox 174 720 385 758; x_wconf 82' lang='lat' dir='ltr'>possidebant,</span> <span class='ocrx_word' id='word_1_51' title='bbox 410 720 526 749; x_wconf 88' lang='lat' dir='ltr'>fructus</span> <span class='ocrx_word' id='word_1_52' title='bbox 554 730 658 749; x_wconf 88' lang='lat' dir='ltr'>eorum</span> <span class='ocrx_word' id='word_1_53' title='bbox 688 721 843 760; x_wconf 76' lang='lat' dir='ltr'>percipie-</span> 
     </span>
     <span class='ocr_line' id='line_1_12' title="bbox 175 762 842 802; baseline 0.003 -11"><span class='ocrx_word' id='word_1_54' title='bbox 175 763 265 799; x_wconf 78' lang='lat' dir='ltr'>bant3</span> <span class='ocrx_word' id='word_1_55' title='bbox 290 762 339 791; x_wconf 85' lang='lat' dir='ltr'><strong><em>vel</em></strong></span> <span class='ocrx_word' id='word_1_56' title='bbox 351 762 556 798; x_wconf 82' lang='lat' dir='ltr'>etiam,novas</span> <span class='ocrx_word' id='word_1_57' title='bbox 569 763 782 802; x_wconf 82' lang='lat' dir='ltr'>possessiones</span> <span class='ocrx_word' id='word_1_58' title='bbox 792 773 842 793; x_wconf 87' lang='lat' dir='ltr'>ac—</span> 
     </span>
     <span class='ocr_line' id='line_1_13' title="bbox 174 805 477 843; baseline 0.003 -10"><span class='ocrx_word' id='word_1_59' title='bbox 174 805 345 843; x_wconf 83' lang='lat' dir='ltr'>quirebant.</span> <span class='ocrx_word' id='word_1_60' title='bbox 361 805 414 840; x_wconf 83' lang='lat'>35,</span> <span class='ocrx_word' id='word_1_61' title='bbox 425 806 477 834; x_wconf 88' lang='grc'><strong><em>18.</em></strong></span> 
     </span>
    </p>

    <p class='ocr_par' dir='ltr' id='par_1_9' title="bbox 131 845 843 1053">
     <span class='ocr_line' id='line_1_14' title="bbox 131 845 843 888; baseline 0.003 -12"><span class='ocrx_word' id='word_1_62' title='bbox 131 847 261 887; x_wconf 73' lang='grc' dir='ltr'><strong><em>κτείνειν]</em></strong></span> <span class='ocrx_word' id='word_1_63' title='bbox 290 846 400 877; x_wconf 85' lang='grc' dir='ltr'><strong><em>κτείνων</em></strong></span> <span class='ocrx_word' id='word_1_64' title='bbox 429 845 552 888; x_wconf 74' lang='grc' dir='ltr'><strong><em>ἀποθάνῃ</em></strong></span> <span class='ocrx_word' id='word_1_65' title='bbox 579 845 593 877; x_wconf 80' lang='grc' dir='ltr'>ἢ</span> <span class='ocrx_word' id='word_1_66' title='bbox 624 846 778 888; x_wconf 60' lang='grc' dir='ltr'><strong><em>ἐπιχειρῶν.</em></strong></span> <span class='ocrx_word' id='word_1_67' title='bbox 817 848 843 878; x_wconf 86' lang='lat' dir='ltr'><strong><em>si</em></strong></span> 
     </span>
     <span class='ocr_line' id='line_1_15' title="bbox 172 890 842 929; baseline 0.003 -10"><span class='ocrx_word' id='word_1_68' title='bbox 172 895 328 929; x_wconf 84' lang='lat' dir='ltr'>peremtor</span> <span class='ocrx_word' id='word_1_69' title='bbox 336 890 455 929; x_wconf 74' lang='lat' dir='ltr'>tyranni</span> <span class='ocrx_word' id='word_1_70' title='bbox 469 890 536 929; x_wconf 88' lang='lat' dir='ltr'>ipse</span> <span class='ocrx_word' id='word_1_71' title='bbox 553 899 674 929; x_wconf 88' lang='lat' dir='ltr'>quoqne</span> <span class='ocrx_word' id='word_1_72' title='bbox 688 892 842 921; x_wconf 90' lang='lat' dir='ltr'>occubue-</span> 
     </span>
     <span class='ocr_line' id='line_1_16' title="bbox 172 932 841 972; baseline 0.001 -10"><span class='ocrx_word' id='word_1_73' title='bbox 172 932 225 968; x_wconf 84' lang='lat' dir='ltr'>rit,</span> <span class='ocrx_word' id='word_1_74' title='bbox 243 932 310 962; x_wconf 86' lang='lat' dir='ltr'>sive</span> <span class='ocrx_word' id='word_1_75' title='bbox 327 933 370 962; x_wconf 86' lang='lat' dir='ltr'><strong><em>sic</em></strong></span> <span class='ocrx_word' id='word_1_76' title='bbox 393 936 426 962; x_wconf 88' lang='lat' dir='ltr'><strong><em>ut</em></strong></span> <span class='ocrx_word' id='word_1_77' title='bbox 445 937 608 971; x_wconf 81' lang='lat' dir='ltr'>tyrannum</span> <span class='ocrx_word' id='word_1_78' title='bbox 632 943 741 972; x_wconf 87' lang='lat' dir='ltr'>reapse</span> <span class='ocrx_word' id='word_1_79' title='bbox 759 933 841 963; x_wconf 82' lang='lat' dir='ltr'>occi-</span> 
     </span>
     <span class='ocr_line' id='line_1_17' title="bbox 169 975 843 1010; baseline 0.003 -6"><span class='ocrx_word' id='word_1_80' title='bbox 169 975 264 1010; x_wconf 83' lang='lat' dir='ltr'>derit,</span> <span class='ocrx_word' id='word_1_81' title='bbox 288 976 354 1004; x_wconf 81' lang='lat' dir='ltr'>sive</span> <span class='ocrx_word' id='word_1_82' title='bbox 382 975 572 1004; x_wconf 77' lang='lat' dir='ltr'>solummodo</span> <span class='ocrx_word' id='word_1_83' title='bbox 598 979 725 1005; x_wconf 88' lang='lat' dir='ltr'>conatus</span> <span class='ocrx_word' id='word_1_84' title='bbox 749 976 843 1006; x_wconf 81' lang='lat' dir='ltr'>fuerit</span> 
     </span>
     <span class='ocr_line' id='line_1_18' title="bbox 173 1017 493 1053; baseline 0.003 -7"><span class='ocrx_word' id='word_1_85' title='bbox 173 1017 241 1047; x_wconf 89' lang='lat' dir='ltr'>sine</span> <span class='ocrx_word' id='word_1_86' title='bbox 257 1017 380 1047; x_wconf 82' lang='lat' dir='ltr'>effectu.</span> <span class='ocrx_word' id='word_1_87' title='bbox 393 1020 447 1053; x_wconf 86' lang='lat'><strong><em>49,</em></strong></span> <span class='ocrx_word' id='word_1_88' title='bbox 462 1020 493 1047; x_wconf 82' lang='grc'><strong><em>4.</em></strong></span> 
     </span>
    </p>

    <p class='ocr_par' dir='ltr' id='par_1_10' title="bbox 128 1058 839 1138">
     <span class='ocr_line' id='line_1_19' title="bbox 128 1058 839 1100; baseline 0.003 -12"><span class='ocrx_word' id='word_1_89' title='bbox 128 1058 255 1099; x_wconf 75' lang='grc' dir='ltr'><strong><em>κύαμος]</em></strong></span> <span class='ocrx_word' id='word_1_90' title='bbox 295 1061 400 1099; x_wconf 76' lang='grc' dir='ltr'><strong><em>κυάμῳ</em></strong></span> <span class='ocrx_word' id='word_1_91' title='bbox 436 1058 577 1100; x_wconf 76' lang='grc' dir='ltr'><strong><em>λαχόντες</em></strong></span> <span class='ocrx_word' id='word_1_92' title='bbox 601 1060 624 1089; x_wconf 79' lang='grc' dir='ltr'><strong><em>οῗ</em></strong></span> <span class='ocrx_word' id='word_1_93' title='bbox 651 1061 839 1091; x_wconf 73' lang='grc' dir='ltr'><strong><em>πεντακόσιοι.</em></strong></span> 
     </span>
     <span class='ocr_line' id='line_1_20' title="bbox 172 1104 273 1138; baseline -0.01 -6"><span class='ocrx_word' id='word_1_94' title='bbox 172 1104 226 1138; x_wconf 88' lang='lat'><strong><em>48,</em></strong></span> <span class='ocrx_word' id='word_1_95' title='bbox 245 1106 273 1132; x_wconf 90' lang='lat'>1.</span> 
     </span>
    </p>

    <p class='ocr_par' dir='ltr' id='par_1_11' title="bbox 125 1143 839 1227">
     <span class='ocr_line' id='line_1_21' title="bbox 125 1143 839 1185; baseline 0.007 -13"><span class='ocrx_word' id='word_1_96' title='bbox 125 1143 199 1174; x_wconf 80' lang='grc' dir='ltr'><strong><em>κύειν</em></strong></span> <span class='ocrx_word' id='word_1_97' title='bbox 218 1144 250 1174; x_wconf 82' lang='grc' dir='ltr'><strong><em>ἔκ</em></strong></span> <span class='ocrx_word' id='word_1_98' title='bbox 273 1155 354 1178; x_wconf 82' lang='grc' dir='ltr'><strong><em>τινος.</em></strong></span> <span class='ocrx_word' id='word_1_99' title='bbox 377 1155 416 1174; x_wconf 81' lang='lat' dir='ltr'><strong><em>ex</em></strong></span> <span class='ocrx_word' id='word_1_100' title='bbox 440 1144 544 1184; x_wconf 87' lang='lat' dir='ltr'>aliquo</span> <span class='ocrx_word' id='word_1_101' title='bbox 572 1150 692 1176; x_wconf 88' lang='lat' dir='ltr'>uterum</span> <span class='ocrx_word' id='word_1_102' title='bbox 721 1156 839 1185; x_wconf 79' lang='lat' dir='ltr'>gerere,</span> 
     </span>
     <span class='ocr_line' id='line_1_22' title="bbox 172 1188 476 1227; baseline -0.003 -10"><span class='ocrx_word' id='word_1_103' title='bbox 172 1197 342 1227; x_wconf 84' lang='lat' dir='ltr'>praegnare.</span> <span class='ocrx_word' id='word_1_104' title='bbox 358 1188 411 1223; x_wconf 72' lang='lat'><strong><em>6⁴2,</em></strong></span> <span class='ocrx_word' id='word_1_105' title='bbox 425 1191 476 1216; x_wconf 85' lang='lat'><strong><em>11.</em></strong></span> 
     </span>
    </p>

    <p class='ocr_par' dir='ltr' id='par_1_12' title="bbox 124 1228 839 1307">
     <span class='ocr_line' id='line_1_23' title="bbox 124 1228 839 1271; baseline 0.008 -15"><span class='ocrx_word' id='word_1_106' title='bbox 124 1228 213 1268; x_wconf 65' lang='grc' dir='ltr'><strong><em>κύξιος</em></strong></span> <span class='ocrx_word' id='word_1_107' title='bbox 227 1228 381 1260; x_wconf 77' lang='grc' dir='ltr'><strong><em>ἀπολέσαι.</em></strong></span> <span class='ocrx_word' id='word_1_108' title='bbox 397 1240 492 1268; x_wconf 83' lang='lat' dir='ltr'>penes</span> <span class='ocrx_word' id='word_1_109' title='bbox 507 1240 597 1268; x_wconf 87' lang='lat' dir='ltr'>quem</span> <span class='ocrx_word' id='word_1_110' title='bbox 617 1231 767 1270; x_wconf 84' lang='lat' dir='ltr'>perdendi</span> <span class='ocrx_word' id='word_1_111' title='bbox 783 1242 839 1271; x_wconf 87' lang='lat' dir='ltr'>po·</span> 
     </span>
     <span class='ocr_line' id='line_1_24' title="bbox 170 1273 500 1307; baseline 0.006 -7"><span class='ocrx_word' id='word_1_112' title='bbox 170 1277 264 1302; x_wconf 83' lang='lat' dir='ltr'>testas</span> <span class='ocrx_word' id='word_1_113' title='bbox 283 1277 340 1301; x_wconf 84' lang='lat' dir='ltr'>est.</span> <span class='ocrx_word' id='word_1_114' title='bbox 358 1273 429 1307; x_wconf 87' lang='lat'><strong><em>115,</em></strong></span> <span class='ocrx_word' id='word_1_115' title='bbox 449 1275 500 1302; x_wconf 89' lang='lat'><strong><em>11.</em></strong></span> 
     </span>
    </p>

    <p class='ocr_par' dir='ltr' id='par_1_13' title="bbox 125 1314 501 1354">
     <span class='ocr_line' id='line_1_25' title="bbox 125 1314 501 1354; baseline 0.003 -11"><span class='ocrx_word' id='word_1_116' title='bbox 125 1314 228 1344; x_wconf 71' lang='grc' dir='ltr'><strong><em>κώνειον</em></strong></span> <span class='ocrx_word' id='word_1_117' title='bbox 242 1314 361 1348; x_wconf 80' lang='grc' dir='ltr'><strong><em>πιόντες.</em></strong></span> <span class='ocrx_word' id='word_1_118' title='bbox 379 1317 432 1354; x_wconf 82' lang='grc'><strong><em>94,</em></strong></span> <span class='ocrx_word' id='word_1_119' title='bbox 448 1318 501 1345; x_wconf 92' lang='grc'><strong><em>11.</em></strong></span> 
     </span>
    </p>

    <p class='ocr_par' dir='ltr' id='par_1_14' title="bbox 123 1357 835 1438">
     <span class='ocr_line' id='line_1_26' title="bbox 123 1357 835 1399; baseline 0.006 -14"><span class='ocrx_word' id='word_1_120' title='bbox 123 1357 252 1398; x_wconf 60' lang='lat' dir='ltr'><strong><em>amn-2329]</em></strong></span> <span class='ocrx_word' id='word_1_121' title='bbox 269 1357 395 1395; x_wconf 75' lang='lat' dir='ltr'>remigis</span> <span class='ocrx_word' id='word_1_122' title='bbox 405 1362 470 1387; x_wconf 80' lang='lat' dir='ltr'>erat</span> <span class='ocrx_word' id='word_1_123' title='bbox 481 1357 590 1396; x_wconf 87' lang='lat' dir='ltr'>ingens</span> <span class='ocrx_word' id='word_1_124' title='bbox 603 1357 733 1399; x_wconf 84' lang='lat' dir='ltr'>pretium</span> <span class='ocrx_word' id='word_1_125' title='bbox 749 1359 835 1398; x_wconf 89' lang='lat' dir='ltr'>quin-</span> 
     </span>
     <span class='ocr_line' id='line_1_27' title="bbox 166 1400 556 1438; baseline 0 -9"><span class='ocrx_word' id='word_1_126' title='bbox 166 1409 227 1438; x_wconf 87' lang='lat' dir='ltr'><strong><em>que</em></strong></span> <span class='ocrx_word' id='word_1_127' title='bbox 242 1400 403 1430; x_wconf 73' lang='lat' dir='ltr'>drachmae.</span> <span class='ocrx_word' id='word_1_128' title='bbox 419 1402 471 1436; x_wconf 85' lang='grc'><strong><em>80,</em></strong></span> <span class='ocrx_word' id='word_1_129' title='bbox 487 1409 556 1438; x_wconf 85' lang='lat' dir='ltr'>pen.</span> 
     </span>
    </p>
   </div>
   <div class='ocr_carea' id='block_1_3' title="bbox 468 1537 503 1560">
    <p class='ocr_par' dir='ltr' id='par_1_15' title="bbox 468 1537 503 1560">
     <span class='ocr_line' id='line_1_28' title="bbox 468 1537 503 1560; baseline -0.029 0"><span class='ocrx_word' id='word_1_130' title='bbox 468 1537 503 1560; x_wconf 87' lang='grc' dir='ltr'><strong><em>Λ.</em></strong></span> 
     </span>
    </p>
   </div>
   <div class='ocr_carea' id='block_1_4' title="bbox 110 1612 835 3053">
    <p class='ocr_par' dir='ltr' id='par_1_16' title="bbox 122 1612 835 2240">
     <span class='ocr_line' id='line_1_29' title="bbox 122 1612 834 1654; baseline 0.006 -12"><span class='ocrx_word' id='word_1_131' title='bbox 122 1612 266 1654; x_wconf 73' lang='grc' dir='ltr'><strong><em>λαγχάνει</em></strong></span> <span class='ocrx_word' id='word_1_132' title='bbox 286 1612 414 1648; x_wconf 81' lang='grc' dir='ltr'><strong><em>Καλλίας</em></strong></span> <span class='ocrx_word' id='word_1_133' title='bbox 432 1614 476 1654; x_wconf 68' lang='grc' dir='ltr'><strong><em>τῷ</em></strong></span> <span class='ocrx_word' id='word_1_134' title='bbox 500 1613 602 1645; x_wconf 74' lang='grc' dir='ltr'><strong><em>ἑαυτοῦ</em></strong></span> <span class='ocrx_word' id='word_1_135' title='bbox 617 1615 672 1645; x_wconf 80' lang='grc' dir='ltr'><strong><em>υἱεῖ</em></strong></span> <span class='ocrx_word' id='word_1_136' title='bbox 690 1616 742 1649; x_wconf 69' lang='grc' dir='ltr'><strong><em>τές</em></strong></span> <span class='ocrx_word' id='word_1_137' title='bbox 765 1614 834 1646; x_wconf 56' lang='lat' dir='ltr'>iwr-</span> 
     </span>
     <span class='ocr_line' id='line_1_30' title="bbox 167 1656 835 1697; baseline 0.004 -12"><span class='ocrx_word' id='word_1_138' title='bbox 167 1656 277 1697; x_wconf 74' lang='grc' dir='ltr'><strong><em>κλήρου.</em></strong></span> <span class='ocrx_word' id='word_1_139' title='bbox 288 1667 320 1696; x_wconf 87' lang='lat' dir='ltr'><strong><em>p.</em></strong></span> <span class='ocrx_word' id='word_1_140' title='bbox 332 1659 385 1693; x_wconf 88' lang='lat'><strong><em>60,</em></strong></span> <span class='ocrx_word' id='word_1_141' title='bbox 401 1659 433 1687; x_wconf 88' lang='grc'><strong><em>6.</em></strong></span> <span class='ocrx_word' id='word_1_142' title='bbox 455 1657 537 1696; x_wconf 89' lang='lat' dir='ltr'>qnod</span> <span class='ocrx_word' id='word_1_143' title='bbox 560 1658 679 1697; x_wconf 89' lang='lat' dir='ltr'>gemino</span> <span class='ocrx_word' id='word_1_144' title='bbox 697 1663 729 1688; x_wconf 92' lang='lat' dir='ltr'><strong><em>et</em></strong></span> <span class='ocrx_word' id='word_1_145' title='bbox 747 1668 835 1697; x_wconf 87' lang='lat' dir='ltr'>pror-</span> 
     </span>
     <span class='ocr_line' id='line_1_31' title="bbox 169 1699 834 1741; baseline 0.003 -12"><span class='ocrx_word' id='word_1_146' title='bbox 169 1709 223 1729; x_wconf 88' lang='lat' dir='ltr'><strong><em>sus</em></strong></span> <span class='ocrx_word' id='word_1_147' title='bbox 259 1699 411 1729; x_wconf 85' lang='lat' dir='ltr'>contrario</span> <span class='ocrx_word' id='word_1_148' title='bbox 456 1700 548 1730; x_wconf 90' lang='lat' dir='ltr'>modo</span> <span class='ocrx_word' id='word_1_149' title='bbox 580 1705 685 1738; x_wconf 85' lang='lat' dir='ltr'>potest</span> <span class='ocrx_word' id='word_1_150' title='bbox 722 1701 834 1741; x_wconf 81' lang='lat' dir='ltr'><strong>accipi,</strong></span> 
     </span>
     <span class='ocr_line' id='line_1_32' title="bbox 168 1741 835 1774; baseline 0.004 -3"><span class='ocrx_word' id='word_1_151' title='bbox 168 1741 236 1771; x_wconf 81' lang='lat' dir='ltr'>sive</span> <span class='ocrx_word' id='word_1_152' title='bbox 251 1742 318 1772; x_wconf 87' lang='lat' dir='ltr'>sic:</span> <span class='ocrx_word' id='word_1_153' title='bbox 342 1742 456 1772; x_wconf 82' lang='lat' dir='ltr'>Callias</span> <span class='ocrx_word' id='word_1_154' title='bbox 474 1753 543 1772; x_wconf 91' lang='lat' dir='ltr'><strong><em>cnm</em></strong></span> <span class='ocrx_word' id='word_1_155' title='bbox 560 1743 623 1773; x_wconf 86' lang='lat' dir='ltr'>filio</span> <span class='ocrx_word' id='word_1_156' title='bbox 639 1753 695 1773; x_wconf 88' lang='lat' dir='ltr'><strong><em>suo</em></strong></span> <span class='ocrx_word' id='word_1_157' title='bbox 711 1748 835 1774; x_wconf 82' lang='lat' dir='ltr'>conten·</span> 
     </span>
     <span class='ocr_line' id='line_1_33' title="bbox 165 1784 835 1824; baseline 0.004 -10"><span class='ocrx_word' id='word_1_158' title='bbox 165 1784 240 1815; x_wconf 81' lang='lat' dir='ltr'>dere</span> <span class='ocrx_word' id='word_1_159' title='bbox 252 1785 283 1814; x_wconf 85' lang='lat' dir='ltr'>in</span> <span class='ocrx_word' id='word_1_160' title='bbox 305 1786 375 1824; x_wconf 85' lang='lat' dir='ltr'>jure</span> <span class='ocrx_word' id='word_1_161' title='bbox 391 1785 486 1824; x_wconf 85' lang='lat' dir='ltr'>coepit</span> <span class='ocrx_word' id='word_1_162' title='bbox 499 1785 538 1815; x_wconf 88' lang='lat' dir='ltr'><strong><em>de</em></strong></span> <span class='ocrx_word' id='word_1_163' title='bbox 560 1785 614 1815; x_wconf 76' lang='lat' dir='ltr'>illa</span> <span class='ocrx_word' id='word_1_164' title='bbox 628 1786 743 1824; x_wconf 87' lang='lat' dir='ltr'>puella,</span> <span class='ocrx_word' id='word_1_165' title='bbox 760 1797 835 1817; x_wconf 92' lang='lat' dir='ltr'>uno-</span> 
     </span>
     <span class='ocr_line' id='line_1_34' title="bbox 165 1828 833 1867; baseline 0.004 -10"><span class='ocrx_word' id='word_1_166' title='bbox 165 1837 298 1866; x_wconf 85' lang='lat' dir='ltr'>quoque,</span> <span class='ocrx_word' id='word_1_167' title='bbox 312 1832 372 1857; x_wconf 83' lang='lat' dir='ltr'><strong><em>tam</em></strong></span> <span class='ocrx_word' id='word_1_168' title='bbox 385 1832 484 1867; x_wconf 89' lang='lat' dir='ltr'>patre,</span> <span class='ocrx_word' id='word_1_169' title='bbox 497 1838 585 1867; x_wconf 77' lang='lat' dir='ltr'>qnam</span> <span class='ocrx_word' id='word_1_170' title='bbox 599 1828 674 1865; x_wconf 87' lang='lat' dir='ltr'>filio,</span> <span class='ocrx_word' id='word_1_171' title='bbox 690 1839 756 1859; x_wconf 87' lang='lat' dir='ltr'><strong><em>eam</em></strong></span> <span class='ocrx_word' id='word_1_172' title='bbox 773 1829 833 1860; x_wconf 89' lang='lat' dir='ltr'>sibi</span> 
     </span>
     <span class='ocr_line' id='line_1_35' title="bbox 164 1869 833 1910; baseline 0.004 -11"><span class='ocrx_word' id='word_1_173' title='bbox 164 1874 338 1909; x_wconf 75' lang='lat' dir='ltr'>arrogante.</span> <span class='ocrx_word' id='word_1_174' title='bbox 361 1869 428 1900; x_wconf 86' lang='lat' dir='ltr'>sive</span> <span class='ocrx_word' id='word_1_175' title='bbox 453 1870 516 1900; x_wconf 90' lang='lat' dir='ltr'>sic:</span> <span class='ocrx_word' id='word_1_176' title='bbox 540 1870 654 1900; x_wconf 88' lang='lat' dir='ltr'>Callias</span> <span class='ocrx_word' id='word_1_177' title='bbox 675 1881 733 1910; x_wconf 84' lang='lat' dir='ltr'><strong><em>pro</em></strong></span> <span class='ocrx_word' id='word_1_178' title='bbox 756 1871 833 1908; x_wconf 85' lang='lat' dir='ltr'>filio,</span> 
     </span>
     <span class='ocr_line' id='line_1_36' title="bbox 164 1912 832 1963; baseline 0.006 -22"><span class='ocrx_word' id='word_1_179' title='bbox 164 1915 197 1941; x_wconf 88' lang='lat' dir='ltr'><strong><em>et</em></strong></span> <span class='ocrx_word' id='word_1_180' title='bbox 211 1912 331 1942; x_wconf 89' lang='lat' dir='ltr'>nomine</span> <span class='ocrx_word' id='word_1_181' title='bbox 347 1913 427 1951; x_wconf 87' lang='lat' dir='ltr'>ejus,</span> <span class='ocrx_word' id='word_1_182' title='bbox 436 1914 664 1952; x_wconf 71' lang='lat' dir='ltr'>protestabatur</span> <span class='ocrx_word' id='word_1_183' title='bbox 679 1915 760 1963; x_wconf 84' lang='lat' dir='ltr'>apud</span> <span class='ocrx_word' id='word_1_184' title='bbox 772 1915 832 1945; x_wconf 91' lang='lat' dir='ltr'><strong><em>Ar—</em></strong></span> 
     </span>
     <span class='ocr_line' id='line_1_37' title="bbox 162 1954 833 1995; baseline 0.004 -11"><span class='ocrx_word' id='word_1_185' title='bbox 162 1954 314 1985; x_wconf 83' lang='lat' dir='ltr'>ohontem.</span> <span class='ocrx_word' id='word_1_186' title='bbox 326 1972 370 1978; x_wconf 87' lang='lat'>—</span> <span class='ocrx_word' id='word_1_187' title='bbox 382 1955 472 1993; x_wconf 85' lang='lat' dir='ltr'>Ego</span> <span class='ocrx_word' id='word_1_188' title='bbox 463 1966 494 1985; x_wconf 89' lang='grc' dir='ltr'><strong><em>ιιι</em></strong></span> <span class='ocrx_word' id='word_1_189' title='bbox 510 1955 628 1986; x_wconf 81' lang='lat' dir='ltr'>Latinis</span> <span class='ocrx_word' id='word_1_190' title='bbox 644 1957 720 1986; x_wconf 90' lang='lat' dir='ltr'>meis</span> <span class='ocrx_word' id='word_1_191' title='bbox 728 1962 833 1995; x_wconf 78' lang='lat' dir='ltr'>poste-</span> 
     </span>
     <span class='ocr_line' id='line_1_38' title="bbox 163 1996 835 2040; baseline 0.004 -13"><span class='ocrx_word' id='word_1_192' title='bbox 163 1996 245 2027; x_wconf 84' lang='lat' dir='ltr'>riore</span> <span class='ocrx_word' id='word_1_193' title='bbox 272 1998 364 2027; x_wconf 85' lang='lat' dir='ltr'>modo</span> <span class='ocrx_word' id='word_1_194' title='bbox 386 1997 479 2027; x_wconf 83' lang='lat' dir='ltr'>malui</span> <span class='ocrx_word' id='word_1_195' title='bbox 504 1998 656 2037; x_wconf 83' lang='lat' dir='ltr'>accipere.</span> <span class='ocrx_word' id='word_1_196' title='bbox 680 2000 835 2040; x_wconf 76' lang='grc' dir='ltr'><strong><em>λαγχάνειν</em></strong></span> 
     </span>
     <span class='ocr_line' id='line_1_39' title="bbox 164 2038 834 2092; baseline 0.006 -23"><span class='ocrx_word' id='word_1_197' title='bbox 164 2038 314 2079; x_wconf 82' lang='lat' dir='ltr'>[subaudi</span> <span class='ocrx_word' id='word_1_198' title='bbox 328 2044 380 2070; x_wconf 86' lang='lat' dir='ltr'><strong><em>aut</em></strong></span> <span class='ocrx_word' id='word_1_199' title='bbox 379 2039 479 2092; x_wconf 60' lang='grc' dir='ltr'><strong><em>Νληξιν,</em></strong></span> <span class='ocrx_word' id='word_1_200' title='bbox 491 2045 544 2070; x_wconf 83' lang='lat' dir='ltr'><strong><em>aut</em></strong></span> <span class='ocrx_word' id='word_1_201' title='bbox 555 2039 644 2076; x_wconf 82' lang='grc' dir='ltr'><strong><em>ἕνεκα,</em></strong></span> <span class='ocrx_word' id='word_1_202' title='bbox 655 2046 706 2071; x_wconf 87' lang='lat' dir='ltr'><strong><em>aut</em></strong></span> <span class='ocrx_word' id='word_1_203' title='bbox 717 2047 834 2073; x_wconf 88' lang='lat' dir='ltr'>utrum-</span> 
     </span>
     <span class='ocr_line' id='line_1_40' title="bbox 161 2081 833 2125; baseline 0.006 -14"><span class='ocrx_word' id='word_1_204' title='bbox 161 2092 222 2120; x_wconf 86' lang='lat' dir='ltr'><strong><em>qne</em></strong></span> <span class='ocrx_word' id='word_1_205' title='bbox 234 2082 342 2123; x_wconf 89' lang='lat' dir='ltr'>simul]</span> <span class='ocrx_word' id='word_1_206' title='bbox 358 2094 410 2116; x_wconf 87' lang='grc' dir='ltr'><strong><em>της</em></strong></span> <span class='ocrx_word' id='word_1_207' title='bbox 418 2081 571 2112; x_wconf 82' lang='grc' dir='ltr'><strong><em>Ἐπιλύκου</em></strong></span> <span class='ocrx_word' id='word_1_208' title='bbox 580 2081 728 2122; x_wconf 62' lang='grc' dir='ltr'><strong><em>θυγατρός.</em></strong></span> <span class='ocrx_word' id='word_1_209' title='bbox 739 2095 833 2125; x_wconf 87' lang='lat' dir='ltr'>super</span> 
     </span>
     <span class='ocr_line' id='line_1_41' title="bbox 163 2124 832 2164; baseline 0.004 -10"><span class='ocrx_word' id='word_1_210' title='bbox 163 2133 257 2154; x_wconf 87' lang='lat' dir='ltr'>causa</span> <span class='ocrx_word' id='word_1_211' title='bbox 271 2125 341 2154; x_wconf 84' lang='lat' dir='ltr'><strong><em>ffliae</em></strong></span> <span class='ocrx_word' id='word_1_212' title='bbox 364 2124 484 2164; x_wconf 75' lang='lat' dir='ltr'>Epilyti</span> <span class='ocrx_word' id='word_1_213' title='bbox 507 2125 657 2155; x_wconf 81' lang='lat' dir='ltr'>actionem</span> <span class='ocrx_word' id='word_1_214' title='bbox 679 2127 832 2158; x_wconf 78' lang='lat' dir='ltr'>forensem</span> 
     </span>
     <span class='ocr_line' id='line_1_42' title="bbox 160 2167 832 2207; baseline 0.006 -11"><span class='ocrx_word' id='word_1_215' title='bbox 160 2176 333 2207; x_wconf 83' lang='lat' dir='ltr'>capessere,</span> <span class='ocrx_word' id='word_1_216' title='bbox 345 2177 464 2204; x_wconf 88' lang='lat' dir='ltr'>curare,</span> <span class='ocrx_word' id='word_1_217' title='bbox 474 2167 636 2206; x_wconf 85' lang='lat' dir='ltr'>utjudices</span> <span class='ocrx_word' id='word_1_218' title='bbox 646 2167 706 2198; x_wconf 87' lang='lat' dir='ltr'>sibi</span> <span class='ocrx_word' id='word_1_219' title='bbox 722 2170 832 2201; x_wconf 84' lang='lat' dir='ltr'>sortito</span> 
     </span>
     <span class='ocr_line' id='line_1_43' title="bbox 162 2209 424 2245; baseline 0.008 -7"><span class='ocrx_word' id='word_1_220' title='bbox 162 2209 286 2239; x_wconf 84' lang='lat' dir='ltr'>dentur.</span> <span class='ocrx_word' id='word_1_221' title='bbox 300 2211 354 2245; x_wconf 90' lang='lat'><strong><em>61,</em></strong></span> <span class='ocrx_word' id='word_1_222' title='bbox 373 2212 424 2240; x_wconf 86' lang='grc'><strong><em>12.</em></strong></span> 
     </span>
    </p>

    <p class='ocr_par' dir='ltr' id='par_1_17' title="bbox 117 2249 831 2372">
     <span class='ocr_line' id='line_1_44' title="bbox 117 2249 831 2294; baseline 0.006 -13"><span class='ocrx_word' id='word_1_223' title='bbox 117 2249 223 2291; x_wconf 75' lang='grc' dir='ltr'><strong><em>λάθρα]</em></strong></span> <span class='ocrx_word' id='word_1_224' title='bbox 244 2263 309 2286; x_wconf 86' lang='grc' dir='ltr'><strong><em>τους</em></strong></span> <span class='ocrx_word' id='word_1_225' title='bbox 342 2251 439 2293; x_wconf 66' lang='grc' dir='ltr'><strong><em>λάθρα</em></strong></span> <span class='ocrx_word' id='word_1_226' title='bbox 470 2251 633 2287; x_wconf 78' lang='grc' dir='ltr'><strong><em>ἀδικουντας</em></strong></span> <span class='ocrx_word' id='word_1_227' title='bbox 655 2253 831 2294; x_wconf 80' lang='grc' dir='ltr'><strong><em>κολάζοντες,</em></strong></span> 
     </span>
     <span class='ocr_line' id='line_1_45' title="bbox 160 2293 830 2337; baseline 0.003 -13"><span class='ocrx_word' id='word_1_228' title='bbox 160 2295 228 2328; x_wconf 77' lang='grc' dir='ltr'><strong><em>τοὺς</em></strong></span> <span class='ocrx_word' id='word_1_229' title='bbox 244 2293 273 2324; x_wconf 78' lang='grc' dir='ltr'><strong><em>δὲ</em></strong></span> <span class='ocrx_word' id='word_1_230' title='bbox 295 2297 415 2335; x_wconf 57' lang='grc' dir='ltr'><strong><em>φανερῶς</em></strong></span> <span class='ocrx_word' id='word_1_231' title='bbox 433 2294 650 2333; x_wconf 74' lang='grc' dir='ltr'><strong><em>ἀσελγαίνοντας</em></strong></span> <span class='ocrx_word' id='word_1_232' title='bbox 671 2295 830 2337; x_wconf 77' lang='grc' dir='ltr'><strong><em>θαυμάζον-</em></strong></span> 
     </span>
     <span class='ocr_line' id='line_1_46' title="bbox 163 2339 355 2372; baseline 0.011 -6"><span class='ocrx_word' id='word_1_233' title='bbox 163 2346 221 2370; x_wconf 86' lang='grc' dir='ltr'><strong><em>τες.</em></strong></span> <span class='ocrx_word' id='word_1_234' title='bbox 238 2339 346 2372; x_wconf 79' lang='grc' dir='ltr'><strong>123,ο</strong></span> <span class='ocrx_word' id='word_1_235' title='bbox 327 2339 355 2367; x_wconf 77' lang='lat'><strong><em>‘&#39;-</em></strong></span> 
     </span>
    </p>

    <p class='ocr_par' dir='ltr' id='par_1_18' title="bbox 113 2377 828 2421">
     <span class='ocr_line' id='line_1_47' title="bbox 113 2377 828 2421; baseline 0.007 -14.014"><span class='ocrx_word' id='word_1_236' title='bbox 113 2378 255 2418; x_wconf 64' lang='grc' dir='ltr'><strong><em>λαθξαιον</em></strong></span> <span class='ocrx_word' id='word_1_237' title='bbox 266 2379 390 2409; x_wconf 69' lang='grc' dir='ltr'><strong><em>θάνατόν</em></strong></span> <span class='ocrx_word' id='word_1_238' title='bbox 404 2390 458 2409; x_wconf 83' lang='grc' dir='ltr'><strong><em>τινι</em></strong></span> <span class='ocrx_word' id='word_1_239' title='bbox 472 2377 672 2411; x_wconf 66' lang='grc' dir='ltr'><strong><em>ἔωιζουλεύειν.</em></strong></span> <span class='ocrx_word' id='word_1_240' title='bbox 688 2384 762 2421; x_wconf 89' lang='grc'><strong>118,</strong></span> <span class='ocrx_word' id='word_1_241' title='bbox 778 2384 828 2412; x_wconf 94' lang='grc'><strong><em>10.</em></strong></span> 
     </span>
    </p>

    <p class='ocr_par' dir='ltr' id='par_1_19' title="bbox 112 2404 829 2878">
     <span class='ocr_line' id='line_1_48' title="bbox 112 2404 829 2464; baseline 0.006 -14"><span class='ocrx_word' id='word_1_242' title='bbox 112 2419 292 2462; x_wconf 65' lang='grc' dir='ltr'><strong><em>λαμξάνειν]</em></strong></span> <span class='ocrx_word' id='word_1_243' title='bbox 309 2420 454 2454; x_wconf 77' lang='grc' dir='ltr'><strong><em>λαβέσθαι</em></strong></span> <span class='ocrx_word' id='word_1_244' title='bbox 473 2423 524 2451; x_wconf 78' lang='grc' dir='ltr'><strong><em>τοῦ</em></strong></span> <span class='ocrx_word' id='word_1_245' title='bbox 537 2421 648 2462; x_wconf 71' lang='grc' dir='ltr'><strong><em>βωμοῦ.</em></strong></span> <span class='ocrx_word' id='word_1_246' title='bbox 660 2404 829 2464; x_wconf 63' lang='lat' dir='ltr'>appre&#39;hen-</span> 
     </span>
     <span class='ocr_line' id='line_1_49' title="bbox 161 2464 828 2505; baseline 0.005 -11"><span class='ocrx_word' id='word_1_247' title='bbox 161 2465 246 2494; x_wconf 85' lang='lat' dir='ltr'>dere.</span> <span class='ocrx_word' id='word_1_248' title='bbox 265 2467 317 2500; x_wconf 88' lang='grc'><strong><em>62,</em></strong></span> <span class='ocrx_word' id='word_1_249' title='bbox 343 2475 411 2504; x_wconf 88' lang='lat' dir='ltr'>pen.</span> <span class='ocrx_word' id='word_1_250' title='bbox 433 2465 473 2494; x_wconf 90' lang='lat' dir='ltr'><strong><em>de</em></strong></span> <span class='ocrx_word' id='word_1_251' title='bbox 495 2475 562 2500; x_wconf 90' lang='lat' dir='ltr'>reo,</span> <span class='ocrx_word' id='word_1_252' title='bbox 585 2464 637 2504; x_wconf 85' lang='lat' dir='ltr'><strong><em>qui</em></strong></span> <span class='ocrx_word' id='word_1_253' title='bbox 660 2466 828 2505; x_wconf 86' lang='lat' dir='ltr'>deprehen-</span> 
     </span>
     <span class='ocr_line' id='line_1_50' title="bbox 159 2506 828 2548; baseline 0.005 -12"><span class='ocrx_word' id='word_1_254' title='bbox 159 2507 256 2543; x_wconf 83' lang='lat' dir='ltr'>ditur,</span> <span class='ocrx_word' id='word_1_255' title='bbox 269 2507 349 2536; x_wconf 90' lang='lat' dir='ltr'>unde</span> <span class='ocrx_word' id='word_1_256' title='bbox 365 2506 499 2545; x_wconf 88' lang='lat' dir='ltr'>effugere</span> <span class='ocrx_word' id='word_1_257' title='bbox 514 2513 654 2546; x_wconf 85' lang='lat' dir='ltr'>nequeat.</span> <span class='ocrx_word' id='word_1_258' title='bbox 665 2509 828 2548; x_wconf 77' lang='grc' dir='ltr'><strong><em>λαμβάνον-</em></strong></span> 
     </span>
     <span class='ocr_line' id='line_1_51' title="bbox 161 2547 827 2588; baseline 0.009 -11"><span class='ocrx_word' id='word_1_259' title='bbox 161 2549 217 2583; x_wconf 85' lang='grc' dir='ltr'><strong><em>τάς</em></strong></span> <span class='ocrx_word' id='word_1_260' title='bbox 228 2559 268 2587; x_wconf 89' lang='grc' dir='ltr'><strong><em>με</em></strong></span> <span class='ocrx_word' id='word_1_261' title='bbox 288 2547 314 2578; x_wconf 87' lang='grc' dir='ltr'><strong><em>ἐν</em></strong></span> <span class='ocrx_word' id='word_1_262' title='bbox 328 2550 389 2583; x_wconf 74' lang='grc' dir='ltr'><strong><em>τοῖς</em></strong></span> <span class='ocrx_word' id='word_1_263' title='bbox 403 2548 556 2588; x_wconf 70' lang='grc' dir='ltr'><strong><em>μεγίστοις</em></strong></span> <span class='ocrx_word' id='word_1_264' title='bbox 569 2549 704 2585; x_wconf 77' lang='grc' dir='ltr'><strong><em>κινδύνοις.</em></strong></span> <span class='ocrx_word' id='word_1_265' title='bbox 727 2554 779 2587; x_wconf 87' lang='lat'><strong><em>68,</em></strong></span> <span class='ocrx_word' id='word_1_266' title='bbox 797 2555 827 2583; x_wconf 88' lang='lat'><strong><em>9.</em></strong></span> 
     </span>
     <span class='ocr_line' id='line_1_52' title="bbox 163 2591 826 2633; baseline 0.008 -13"><span class='ocrx_word' id='word_1_267' title='bbox 163 2591 356 2632; x_wconf 78' lang='grc' dir='ltr'><strong><em>λαμβάνομαι</em></strong></span> <span class='ocrx_word' id='word_1_268' title='bbox 377 2593 432 2621; x_wconf 79' lang='grc' dir='ltr'><strong><em>τῶν</em></strong></span> <span class='ocrx_word' id='word_1_269' title='bbox 447 2592 530 2631; x_wconf 71' lang='grc' dir='ltr'><strong><em>ἱερῶν.</em></strong></span> <span class='ocrx_word' id='word_1_270' title='bbox 545 2594 663 2628; x_wconf 54' lang='lat'>8216.</span> <span class='ocrx_word' id='word_1_271' title='bbox 688 2594 826 2633; x_wconf 81' lang='grc' dir='ltr'><strong><em>πράττον-</em></strong></span> 
     </span>
     <span class='ocr_line' id='line_1_53' title="bbox 161 2633 826 2675; baseline 0.005 -11"><span class='ocrx_word' id='word_1_272' title='bbox 161 2645 210 2668; x_wconf 84' lang='grc' dir='ltr'><strong><em>τες</em></strong></span> <span class='ocrx_word' id='word_1_273' title='bbox 224 2643 295 2667; x_wconf 88' lang='grc' dir='ltr'><strong><em>τινες</em></strong></span> <span class='ocrx_word' id='word_1_274' title='bbox 308 2634 397 2674; x_wconf 75' lang='grc' dir='ltr'><strong><em>δήμου</em></strong></span> <span class='ocrx_word' id='word_1_275' title='bbox 415 2634 577 2664; x_wconf 75' lang='grc' dir='ltr'><strong><em>κατάλυσιν</em></strong></span> <span class='ocrx_word' id='word_1_276' title='bbox 598 2633 775 2675; x_wconf 67' lang='grc' dir='ltr'><strong><em>ἐλήφθησαν.</em></strong></span> <span class='ocrx_word' id='word_1_277' title='bbox 796 2638 826 2667; x_wconf 86' lang='lat' dir='ltr'>in</span> 
     </span>
     <span class='ocr_line' id='line_1_54' title="bbox 160 2675 827 2717; baseline 0.004 -11"><span class='ocrx_word' id='word_1_278' title='bbox 160 2675 331 2706; x_wconf 81' lang='lat' dir='ltr'>facinoroso</span> <span class='ocrx_word' id='word_1_279' title='bbox 361 2681 470 2707; x_wconf 85' lang='lat' dir='ltr'>conatu</span> <span class='ocrx_word' id='word_1_280' title='bbox 512 2677 827 2717; x_wconf 82' lang='lat' dir='ltr'>deprehendebantur,</span> 
     </span>
     <span class='ocr_line' id='line_1_55' title="bbox 158 2718 829 2759; baseline 0.007 -12"><span class='ocrx_word' id='word_1_281' title='bbox 158 2718 392 2757; x_wconf 85' lang='lat' dir='ltr'>detegebantur.</span> <span class='ocrx_word' id='word_1_282' title='bbox 413 2721 466 2754; x_wconf 88' lang='grc'><strong><em>92,</em></strong></span> <span class='ocrx_word' id='word_1_283' title='bbox 488 2722 540 2750; x_wconf 87' lang='lat'><strong><em>14.</em></strong></span> <span class='ocrx_word' id='word_1_284' title='bbox 572 2719 667 2759; x_wconf 71' lang='grc' dir='ltr'><strong><em>εἷξηνην</em></strong></span> <span class='ocrx_word' id='word_1_285' title='bbox 691 2719 829 2757; x_wconf 75' lang='grc' dir='ltr'><strong><em>λαβόντες</em></strong></span> 
     </span>
     <span class='ocr_line' id='line_1_56' title="bbox 158 2760 829 2813; baseline 0.007 -24"><span class='ocrx_word' id='word_1_286' title='bbox 158 2761 253 2812; x_wconf 88' lang='lat' dir='ltr'>(bene</span> <span class='ocrx_word' id='word_1_287' title='bbox 267 2760 296 2790; x_wconf 86' lang='lat' dir='ltr'><strong><em>si</em></strong></span> <span class='ocrx_word' id='word_1_288' title='bbox 310 2761 401 2790; x_wconf 85' lang='lat' dir='ltr'>habet</span> <span class='ocrx_word' id='word_1_289' title='bbox 416 2760 501 2791; x_wconf 81' lang='lat' dir='ltr'>istaeo</span> <span class='ocrx_word' id='word_1_290' title='bbox 513 2761 643 2813; x_wconf 84' lang='lat' dir='ltr'>lectio),</span> <span class='ocrx_word' id='word_1_291' title='bbox 660 2773 715 2802; x_wconf 86' lang='lat' dir='ltr'><strong><em>pro</em></strong></span> <span class='ocrx_word' id='word_1_292' title='bbox 731 2764 829 2803; x_wconf 74' lang='grc' dir='ltr'><strong><em>εἷςήνης</em></strong></span> 
     </span>
     <span class='ocr_line' id='line_1_57' title="bbox 159 2801 828 2846; baseline 0.006 -14"><span class='ocrx_word' id='word_1_293' title='bbox 159 2801 311 2844; x_wconf 76' lang='grc' dir='ltr'><strong><em>τυχόντες.</em></strong></span> <span class='ocrx_word' id='word_1_294' title='bbox 335 2805 388 2838; x_wconf 86' lang='grc'><strong><em>92,</em></strong></span> <span class='ocrx_word' id='word_1_295' title='bbox 412 2803 467 2834; x_wconf 80' lang='lat' dir='ltr'>ult.</span> <span class='ocrx_word' id='word_1_296' title='bbox 489 2802 602 2834; x_wconf 85' lang='grc' dir='ltr'><strong><em>σίτησιν</em></strong></span> <span class='ocrx_word' id='word_1_297' title='bbox 622 2803 648 2835; x_wconf 81' lang='grc' dir='ltr'><strong><em>ἐν</em></strong></span> <span class='ocrx_word' id='word_1_298' title='bbox 670 2806 828 2846; x_wconf 72' lang='grc' dir='ltr'><strong><em>Πςυτανείῳ</em></strong></span> 
     </span>
     <span class='ocr_line' id='line_1_58' title="bbox 160 2845 468 2885; baseline 0.003 -11"><span class='ocrx_word' id='word_1_299' title='bbox 160 2845 330 2885; x_wconf 79' lang='grc' dir='ltr'><strong><em>λαμβάνειν.</em></strong></span> <span class='ocrx_word' id='word_1_300' title='bbox 344 2847 420 2880; x_wconf 85' lang='grc'><strong>128,</strong></span> <span class='ocrx_word' id='word_1_301' title='bbox 436 2847 468 2877; x_wconf 91' lang='grc'><strong><em>9.</em></strong></span> 
     </span>
    </p>

    <p class='ocr_par' dir='ltr' id='par_1_20' title="bbox 114 2887 829 2968">
     <span class='ocr_line' id='line_1_59' title="bbox 114 2887 829 2927; baseline 0.004 -10"><span class='ocrx_word' id='word_1_302' title='bbox 114 2889 242 2927; x_wconf 85' lang='grc' dir='ltr'><strong><em>λαμπα</em></strong></span> <span class='ocrx_word' id='word_1_303' title='bbox 233 2887 259 2927; x_wconf 95' lang='grc'>]</span> <span class='ocrx_word' id='word_1_304' title='bbox 277 2887 423 2926; x_wconf 66' lang='grc' dir='ltr'><strong><em>λαμπάδι</em></strong></span> <span class='ocrx_word' id='word_1_305' title='bbox 442 2889 590 2926; x_wconf 72' lang='grc' dir='ltr'><strong><em>νενικηκὼς,</em></strong></span> <span class='ocrx_word' id='word_1_306' title='bbox 605 2889 638 2920; x_wconf 89' lang='lat' dir='ltr'>id</span> <span class='ocrx_word' id='word_1_307' title='bbox 654 2893 713 2926; x_wconf 81' lang='lat' dir='ltr'>est,</span> <span class='ocrx_word' id='word_1_308' title='bbox 730 2888 756 2919; x_wconf 78' lang='grc' dir='ltr'><strong><em>ἓν</em></strong></span> <span class='ocrx_word' id='word_1_309' title='bbox 770 2901 829 2924; x_wconf 85' lang='grc' dir='ltr'><strong><em>τοις</em></strong></span> 
     </span>
     <span class='ocr_line' id='line_1_60' title="bbox 158 2928 569 2968; baseline 0.003 -10"><span class='ocrx_word' id='word_1_310' title='bbox 158 2928 411 2968; x_wconf 76' lang='grc' dir='ltr'><strong><em>λαμπαδηφορίοις.</em></strong></span> <span class='ocrx_word' id='word_1_311' title='bbox 429 2932 502 2965; x_wconf 79' lang='grc'><strong>133,</strong></span> <span class='ocrx_word' id='word_1_312' title='bbox 515 2932 569 2960; x_wconf 81' lang='grc'><strong><em>13.</em></strong></span> 
     </span>
    </p>

    <p class='ocr_par' dir='ltr' id='par_1_21' title="bbox 115 2970 829 3014">
     <span class='ocr_line' id='line_1_61' title="bbox 115 2970 829 3014; baseline 0.006 -14"><span class='ocrx_word' id='word_1_313' title='bbox 115 2970 223 3011; x_wconf 79' lang='grc' dir='ltr'><strong><em>λέγειν]</em></strong></span> <span class='ocrx_word' id='word_1_314' title='bbox 241 2972 359 3001; x_wconf 77' lang='grc' dir='ltr'><strong><em>ὑπονοεῖν</em></strong></span> <span class='ocrx_word' id='word_1_315' title='bbox 378 2983 419 3000; x_wconf 85' lang='grc' dir='ltr'><strong><em>τα</em></strong></span> <span class='ocrx_word' id='word_1_316' title='bbox 434 2971 587 3011; x_wconf 81' lang='grc' dir='ltr'><strong><em>λεγόμενα.</em></strong></span> <span class='ocrx_word' id='word_1_317' title='bbox 613 2975 644 3010; x_wconf 86' lang='grc'><strong><em>5,</em></strong></span> <span class='ocrx_word' id='word_1_318' title='bbox 670 2977 699 3005; x_wconf 94' lang='lat'><strong><em>9.</em></strong></span> <span class='ocrx_word' id='word_1_319' title='bbox 722 2985 815 3014; x_wconf 70' lang='grc' dir='ltr'><strong><em>μακςο</em></strong></span> <span class='ocrx_word' id='word_1_320' title='bbox 807 2973 829 3004; x_wconf 74' lang='grc' dir='ltr'><strong><em>’ν</em></strong></span> 
     </span>
    </p>

    <p class='ocr_par' dir='ltr' id='par_1_22' title="bbox 110 3012 540 3053">
     <span class='ocr_line' id='line_1_62' title="bbox 110 3012 540 3053; baseline 0.012 -11"><span class='ocrx_word' id='word_1_321' title='bbox 110 3039 113 3042; x_wconf 31' lang='lat'><em>⁴</em></span> <span class='ocrx_word' id='word_1_322' title='bbox 159 3013 194 3044; x_wconf 70' lang='grc' dir='ltr'><strong><em>ἓν</em></strong></span> <span class='ocrx_word' id='word_1_323' title='bbox 209 3023 245 3043; x_wconf 83' lang='grc' dir='ltr'><strong><em>ειη</em></strong></span> <span class='ocrx_word' id='word_1_324' title='bbox 260 3025 302 3053; x_wconf 71' lang='grc' dir='ltr'><strong><em>με</em></strong></span> <span class='ocrx_word' id='word_1_325' title='bbox 292 3025 312 3043; x_wconf 91' lang='grc' dir='ltr'><strong><em>ι</em></strong></span> <span class='ocrx_word' id='word_1_326' title='bbox 328 3012 428 3051; x_wconf 79' lang='grc' dir='ltr'><strong><em>λέγειν.</em></strong></span> <span class='ocrx_word' id='word_1_327' title='bbox 441 3016 495 3052; x_wconf 83' lang='lat'>83,</span> <span class='ocrx_word' id='word_1_328' title='bbox 508 3018 540 3047; x_wconf 80' lang='lat'><strong><em>4.</em></strong></span> 
     </span>
    </p>
   </div>
   <div class='ocr_carea' id='block_1_5' title="bbox 1512 233 1595 275">
    <p class='ocr_par' dir='ltr' id='par_1_23' title="bbox 1512 233 1595 275">
     <span class='ocr_line' id='line_1_63' title="bbox 1512 233 1595 275; baseline -0.024 0"><span class='ocrx_word' id='word_1_329' title='bbox 1512 233 1595 275; x_wconf 81' lang='lat'><strong><em>377</em></strong></span> 
     </span>
    </p>
   </div>
   <div class='ocr_carea' id='block_1_6' title="bbox 866 334 1594 1824">
    <p class='ocr_par' dir='ltr' id='par_1_24' title="bbox 879 334 1475 377">
     <span class='ocr_line' id='line_1_64' title="bbox 879 334 1475 377; baseline 0.003 -9"><span class='ocrx_word' id='word_1_330' title='bbox 879 339 1046 377; x_wconf 66' lang='grc' dir='ltr'><strong><em>λειτουργεῖν</em></strong></span> <span class='ocrx_word' id='word_1_331' title='bbox 1061 334 1277 377; x_wconf 74' lang='grc' dir='ltr'><strong><em>προβάλλεσθαί</em></strong></span> <span class='ocrx_word' id='word_1_332' title='bbox 1288 347 1362 369; x_wconf 79' lang='grc' dir='ltr'><strong><em>τινα.</em></strong></span> <span class='ocrx_word' id='word_1_333' title='bbox 1377 339 1430 375; x_wconf 89' lang='lat'><strong><em>65,</em></strong></span> <span class='ocrx_word' id='word_1_334' title='bbox 1444 339 1475 369; x_wconf 85' lang='lat'><strong><em>3.</em></strong></span> 
     </span>
    </p>

    <p class='ocr_par' dir='ltr' id='par_1_25' title="bbox 879 380 1594 547">
     <span class='ocr_line' id='line_1_65' title="bbox 879 380 1594 421; baseline 0.003 -11"><span class='ocrx_word' id='word_1_335' title='bbox 879 380 982 421; x_wconf 78' lang='grc' dir='ltr'><strong><em>λεόκη]</em></strong></span> <span class='ocrx_word' id='word_1_336' title='bbox 1001 380 1148 420; x_wconf 87' lang='lat' dir='ltr'>populus,</span> <span class='ocrx_word' id='word_1_337' title='bbox 1163 380 1266 416; x_wconf 84' lang='lat' dir='ltr'>arbor,</span> <span class='ocrx_word' id='word_1_338' title='bbox 1278 380 1330 410; x_wconf 88' lang='lat' dir='ltr'><strong><em>ubi</em></strong></span> <span class='ocrx_word' id='word_1_339' title='bbox 1347 380 1484 412; x_wconf 81' lang='lat' dir='ltr'>solebant</span> <span class='ocrx_word' id='word_1_340' title='bbox 1497 381 1594 414; x_wconf 82' lang='lat' dir='ltr'>Athe-</span> 
     </span>
     <span class='ocr_line' id='line_1_66' title="bbox 921 422 1591 454; baseline 0.003 -2"><span class='ocrx_word' id='word_1_341' title='bbox 921 424 968 453; x_wconf 89' lang='lat' dir='ltr'><strong><em>nis</em></strong></span> <span class='ocrx_word' id='word_1_342' title='bbox 981 423 1132 453; x_wconf 84' lang='lat' dir='ltr'>sectiones</span> <span class='ocrx_word' id='word_1_343' title='bbox 1143 423 1192 452; x_wconf 84' lang='lat' dir='ltr'><strong><em>vel</em></strong></span> <span class='ocrx_word' id='word_1_344' title='bbox 1206 422 1363 453; x_wconf 84' lang='lat' dir='ltr'>auctiones</span> <span class='ocrx_word' id='word_1_345' title='bbox 1375 423 1491 454; x_wconf 85' lang='lat' dir='ltr'>baberi.</span> <span class='ocrx_word' id='word_1_346' title='bbox 1502 428 1533 454; x_wconf 87' lang='lat' dir='ltr'><strong><em>et</em></strong></span> <span class='ocrx_word' id='word_1_347' title='bbox 1545 424 1591 454; x_wconf 87' lang='lat' dir='ltr'>lo·</span> 
     </span>
     <span class='ocr_line' id='line_1_67' title="bbox 921 464 1590 507; baseline 0.004 -13"><span class='ocrx_word' id='word_1_348' title='bbox 921 475 977 494; x_wconf 90' lang='lat' dir='ltr'><strong><em>cus</em></strong></span> <span class='ocrx_word' id='word_1_349' title='bbox 992 464 1060 503; x_wconf 85' lang='lat' dir='ltr'>ipse</span> <span class='ocrx_word' id='word_1_350' title='bbox 1080 465 1152 495; x_wconf 87' lang='lat' dir='ltr'>inde</span> <span class='ocrx_word' id='word_1_351' title='bbox 1167 464 1212 494; x_wconf 87' lang='lat' dir='ltr'><strong><em>sic</em></strong></span> <span class='ocrx_word' id='word_1_352' title='bbox 1232 465 1342 495; x_wconf 84' lang='lat' dir='ltr'>dictus.</span> <span class='ocrx_word' id='word_1_353' title='bbox 1365 478 1388 496; x_wconf 91' lang='grc' dir='ltr'><strong><em>οι</em></strong></span> <span class='ocrx_word' id='word_1_354' title='bbox 1404 472 1590 507; x_wconf 70' lang='grc' dir='ltr'><strong><em>παξασυλλε-</em></strong></span> 
     </span>
     <span class='ocr_line' id='line_1_68' title="bbox 919 506 1419 547; baseline 0.002 -10"><span class='ocrx_word' id='word_1_355' title='bbox 919 506 1016 544; x_wconf 83' lang='grc' dir='ltr'><strong><em>γέντες</em></strong></span> <span class='ocrx_word' id='word_1_356' title='bbox 1032 506 1085 537; x_wconf 72' lang='grc' dir='ltr'><strong><em>ὑπὸ</em></strong></span> <span class='ocrx_word' id='word_1_357' title='bbox 1100 510 1149 538; x_wconf 75' lang='grc' dir='ltr'><strong><em>τῆν</em></strong></span> <span class='ocrx_word' id='word_1_358' title='bbox 1162 507 1267 538; x_wconf 87' lang='grc' dir='ltr'><strong><em>λεύκην.</em></strong></span> <span class='ocrx_word' id='word_1_359' title='bbox 1282 510 1334 543; x_wconf 87' lang='grc'><strong><em>65,</em></strong></span> <span class='ocrx_word' id='word_1_360' title='bbox 1347 519 1419 547; x_wconf 86' lang='lat' dir='ltr'>pen.</span> 
     </span>
    </p>

    <p class='ocr_par' dir='ltr' id='par_1_26' title="bbox 877 549 1593 626">
     <span class='ocr_line' id='line_1_69' title="bbox 877 549 1593 588; baseline 0.007 -9"><span class='ocrx_word' id='word_1_361' title='bbox 877 549 976 588; x_wconf 73' lang='grc' dir='ltr'><strong><em>ληΐσζε</em></strong></span> <span class='ocrx_word' id='word_1_362' title='bbox 956 549 1019 579; x_wconf 86' lang='grc' dir='ltr'><strong><em>θαι</em></strong></span> <span class='ocrx_word' id='word_1_363' title='bbox 1035 560 1114 579; x_wconf 82' lang='grc' dir='ltr'><strong><em>κατα</em></strong></span> <span class='ocrx_word' id='word_1_364' title='bbox 1129 561 1178 588; x_wconf 78' lang='grc' dir='ltr'><strong><em>γνν</em></strong></span> <span class='ocrx_word' id='word_1_365' title='bbox 1193 561 1241 579; x_wconf 84' lang='grc' dir='ltr'><strong><em>και</em></strong></span> <span class='ocrx_word' id='word_1_366' title='bbox 1255 550 1334 579; x_wconf 71' lang='grc' dir='ltr'><strong><em>κατα)</em></strong></span> <span class='ocrx_word' id='word_1_367' title='bbox 1359 549 1514 582; x_wconf 78' lang='grc' dir='ltr'><strong><em>Θάλατταν</em></strong></span> <span class='ocrx_word' id='word_1_368' title='bbox 1527 553 1593 588; x_wconf 78' lang='grc' dir='ltr'><strong><em>τους</em></strong></span> 
     </span>
     <span class='ocr_line' id='line_1_70' title="bbox 918 591 1199 626; baseline 0.007 -6"><span class='ocrx_word' id='word_1_369' title='bbox 918 591 1061 625; x_wconf 59' lang='grc' dir='ltr'><strong><em>πολίτας.</em></strong></span> <span class='ocrx_word' id='word_1_370' title='bbox 1075 592 1128 626; x_wconf 78' lang='lat'><strong><em>50,</em></strong></span> <span class='ocrx_word' id='word_1_371' title='bbox 1143 592 1199 622; x_wconf 87' lang='lat' dir='ltr'>ult.</span> 
     </span>
    </p>

    <p class='ocr_par' dir='ltr' id='par_1_27' title="bbox 877 632 1589 715">
     <span class='ocr_line' id='line_1_71' title="bbox 877 632 1589 675; baseline 0.008 -12"><span class='ocrx_word' id='word_1_372' title='bbox 877 632 1039 673; x_wconf 74' lang='grc' dir='ltr'><strong><em>λογίζεσθαι</em></strong></span> <span class='ocrx_word' id='word_1_373' title='bbox 1053 634 1174 672; x_wconf 71' lang='grc' dir='ltr'><strong><em>ἀγαθός.</em></strong></span> <span class='ocrx_word' id='word_1_374' title='bbox 1188 634 1306 673; x_wconf 89' lang='lat' dir='ltr'>peritus</span> <span class='ocrx_word' id='word_1_375' title='bbox 1330 636 1511 667; x_wconf 84' lang='lat' dir='ltr'>calculandi.</span> <span class='ocrx_word' id='word_1_376' title='bbox 1534 639 1589 675; x_wconf 87' lang='lat'><strong><em>63,</em></strong></span> 
     </span>
     <span class='ocr_line' id='line_1_72' title="bbox 918 686 990 715; baseline 0 -9"><span class='ocrx_word' id='word_1_377' title='bbox 918 686 990 715; x_wconf 87' lang='lat' dir='ltr'>pen.</span> 
     </span>
    </p>

    <p class='ocr_par' dir='ltr' id='par_1_28' title="bbox 877 718 1591 883">
     <span class='ocr_line' id='line_1_73' title="bbox 877 718 1590 761; baseline 0.008 -14"><span class='ocrx_word' id='word_1_378' title='bbox 877 719 1067 759; x_wconf 75' lang='grc' dir='ltr'><strong><em>λογιστῆριον]</em></strong></span> <span class='ocrx_word' id='word_1_379' title='bbox 1080 718 1163 749; x_wconf 90' lang='lat' dir='ltr'>curia</span> <span class='ocrx_word' id='word_1_380' title='bbox 1173 719 1226 749; x_wconf 87' lang='lat' dir='ltr'>ubi</span> <span class='ocrx_word' id='word_1_381' title='bbox 1237 730 1253 749; x_wconf 88' lang='lat' dir='ltr'>a</span> <span class='ocrx_word' id='word_1_382' title='bbox 1262 721 1414 751; x_wconf 85' lang='lat' dir='ltr'>defunctis</span> <span class='ocrx_word' id='word_1_383' title='bbox 1427 722 1590 761; x_wconf 83' lang='lat' dir='ltr'>magistra-</span> 
     </span>
     <span class='ocr_line' id='line_1_74' title="bbox 921 763 1588 801; baseline 0.006 -11"><span class='ocrx_word' id='word_1_384' title='bbox 921 766 952 791; x_wconf 92' lang='lat' dir='ltr'><strong><em>tu</em></strong></span> <span class='ocrx_word' id='word_1_385' title='bbox 968 763 1102 792; x_wconf 83' lang='lat' dir='ltr'>rationes</span> <span class='ocrx_word' id='word_1_386' title='bbox 1119 770 1274 801; x_wconf 85' lang='lat' dir='ltr'>gestorum</span> <span class='ocrx_word' id='word_1_387' title='bbox 1289 764 1434 794; x_wconf 89' lang='lat' dir='ltr'>honorum</span> <span class='ocrx_word' id='word_1_388' title='bbox 1451 765 1588 795; x_wconf 86' lang='lat' dir='ltr'>censori-</span> 
     </span>
     <span class='ocr_line' id='line_1_75' title="bbox 918 804 1591 841; baseline 0.007 -8"><span class='ocrx_word' id='word_1_389' title='bbox 918 805 987 841; x_wconf 79' lang='lat' dir='ltr'>bus,</span> <span class='ocrx_word' id='word_1_390' title='bbox 1005 804 1054 834; x_wconf 89' lang='lat' dir='ltr'><strong><em>vel</em></strong></span> <span class='ocrx_word' id='word_1_391' title='bbox 1078 804 1335 836; x_wconf 85' lang='lat' dir='ltr'>examinatoribus</span> <span class='ocrx_word' id='word_1_392' title='bbox 1359 811 1444 836; x_wconf 84' lang='lat' dir='ltr'>erant</span> <span class='ocrx_word' id='word_1_393' title='bbox 1459 808 1591 838; x_wconf 90' lang='lat' dir='ltr'>redden-</span> 
     </span>
     <span class='ocr_line' id='line_1_76' title="bbox 920 847 1098 883; baseline 0 -7"><span class='ocrx_word' id='word_1_394' title='bbox 920 847 978 876; x_wconf 89' lang='lat' dir='ltr'>dae.</span> <span class='ocrx_word' id='word_1_395' title='bbox 995 849 1037 876; x_wconf 80' lang='grc'><strong><em>37</em></strong></span> <span class='ocrx_word' id='word_1_396' title='bbox 1044 869 1052 883; x_wconf 92' lang='grc'><strong><em>,</em></strong></span> <span class='ocrx_word' id='word_1_397' title='bbox 1066 849 1098 876; x_wconf 87' lang='lat'><strong><em>4.</em></strong></span> 
     </span>
    </p>

    <p class='ocr_par' dir='ltr' id='par_1_29' title="bbox 875 888 1591 971">
     <span class='ocr_line' id='line_1_77' title="bbox 875 888 1591 932; baseline 0.01 -15"><span class='ocrx_word' id='word_1_398' title='bbox 875 891 1038 926; x_wconf 67' lang='grc' dir='ltr'><strong><em>λογοποιεῖν.</em></strong></span> <span class='ocrx_word' id='word_1_399' title='bbox 1055 892 1107 920; x_wconf 92' lang='grc'><strong><em>27.</em></strong></span> <span class='ocrx_word' id='word_1_400' title='bbox 1125 891 1155 919; x_wconf 88' lang='grc'><strong><em>2.</em></strong></span> <span class='ocrx_word' id='word_1_401' title='bbox 1176 888 1219 919; x_wconf 76' lang='grc' dir='ltr'><strong><em>τοὶ</em></strong></span> <span class='ocrx_word' id='word_1_402' title='bbox 1234 889 1280 920; x_wconf 72' lang='grc' dir='ltr'><strong><em>οὐκ</em></strong></span> <span class='ocrx_word' id='word_1_403' title='bbox 1289 889 1357 919; x_wconf 79' lang='grc' dir='ltr'><strong><em>ἔντα</em></strong></span> <span class='ocrx_word' id='word_1_404' title='bbox 1371 891 1406 924; x_wconf 73' lang='grc' dir='ltr'><strong><em>ὡς</em></strong></span> <span class='ocrx_word' id='word_1_405' title='bbox 1419 890 1498 923; x_wconf 83' lang='grc' dir='ltr'><strong><em>ἔστιν</em></strong></span> <span class='ocrx_word' id='word_1_406' title='bbox 1510 893 1591 932; x_wconf 73' lang='grc' dir='ltr'><strong><em>ὑμῖν.</em></strong></span> 
     </span>
     <span class='ocr_line' id='line_1_78' title="bbox 919 935 1059 971; baseline 0 -9"><span class='ocrx_word' id='word_1_407' title='bbox 919 935 1059 971; x_wconf 85' lang='grc'><strong>106,19.</strong></span> 
     </span>
    </p>

    <p class='ocr_par' dir='ltr' id='par_1_30' title="bbox 875 974 1588 1611">
     <span class='ocr_line' id='line_1_79' title="bbox 875 974 1584 1017; baseline 0.008 -14"><span class='ocrx_word' id='word_1_408' title='bbox 875 974 972 1015; x_wconf 87' lang='grc' dir='ltr'><strong><em>λόγος]</em></strong></span> <span class='ocrx_word' id='word_1_409' title='bbox 988 974 1012 1004; x_wconf 75' lang='grc' dir='ltr'><strong><em>ἓν</em></strong></span> <span class='ocrx_word' id='word_1_410' title='bbox 1024 975 1069 1015; x_wconf 67' lang='grc' dir='ltr'><strong><em>τῷ</em></strong></span> <span class='ocrx_word' id='word_1_411' title='bbox 1082 974 1210 1015; x_wconf 76' lang='grc' dir='ltr'><strong><em>ἒμοιυτοῧ</em></strong></span> <span class='ocrx_word' id='word_1_412' title='bbox 1226 975 1300 1015; x_wconf 71' lang='grc' dir='ltr'><strong><em>λόγῳ</em></strong></span> <span class='ocrx_word' id='word_1_413' title='bbox 1319 976 1392 1017; x_wconf 79' lang='lat' dir='ltr'>[hoc</span> <span class='ocrx_word' id='word_1_414' title='bbox 1406 982 1463 1014; x_wconf 88' lang='lat' dir='ltr'>est,</span> <span class='ocrx_word' id='word_1_415' title='bbox 1480 983 1513 1008; x_wconf 86' lang='lat' dir='ltr'><strong><em>ut</em></strong></span> <span class='ocrx_word' id='word_1_416' title='bbox 1531 979 1584 1009; x_wconf 81' lang='lat' dir='ltr'>ali-</span> 
     </span>
     <span class='ocr_line' id='line_1_80' title="bbox 920 1017 1586 1059; baseline 0.008 -13"><span class='ocrx_word' id='word_1_417' title='bbox 920 1018 949 1047; x_wconf 89' lang='lat' dir='ltr'><strong><em>bi</em></strong></span> <span class='ocrx_word' id='word_1_418' title='bbox 964 1024 1120 1057; x_wconf 88' lang='lat' dir='ltr'>usurpant,</span> <span class='ocrx_word' id='word_1_419' title='bbox 1135 1017 1248 1059; x_wconf 67' lang='grc' dir='ltr'><strong><em>ἷὶδατι].</em></strong></span> <span class='ocrx_word' id='word_1_420' title='bbox 1271 1029 1320 1049; x_wconf 87' lang='lat' dir='ltr'><strong><em>me</em></strong></span> <span class='ocrx_word' id='word_1_421' title='bbox 1344 1020 1442 1050; x_wconf 88' lang='lat' dir='ltr'>adhuc</span> <span class='ocrx_word' id='word_1_422' title='bbox 1469 1026 1586 1051; x_wconf 85' lang='lat' dir='ltr'>orante.</span> 
     </span>
     <span class='ocr_line' id='line_1_81' title="bbox 917 1060 1588 1100; baseline 0.006 -11"><span class='ocrx_word' id='word_1_423' title='bbox 917 1060 1017 1090; x_wconf 83' lang='lat' dir='ltr'>donec</span> <span class='ocrx_word' id='word_1_424' title='bbox 1040 1071 1118 1100; x_wconf 89' lang='lat' dir='ltr'>aqua</span> <span class='ocrx_word' id='word_1_425' title='bbox 1143 1061 1216 1091; x_wconf 83' lang='lat' dir='ltr'>mihi</span> <span class='ocrx_word' id='word_1_426' title='bbox 1239 1062 1347 1098; x_wconf 73' lang='lat' dir='ltr'>currit,</span> <span class='ocrx_word' id='word_1_427' title='bbox 1365 1063 1461 1092; x_wconf 90' lang='lat' dir='ltr'>donec</span> <span class='ocrx_word' id='word_1_428' title='bbox 1495 1066 1588 1094; x_wconf 78' lang='lat' dir='ltr'>verba</span> 
     </span>
     <span class='ocr_line' id='line_1_82' title="bbox 917 1103 1585 1145; baseline 0.004 -13"><span class='ocrx_word' id='word_1_429' title='bbox 917 1103 1032 1133; x_wconf 81' lang='lat' dir='ltr'>fecero.</span> <span class='ocrx_word' id='word_1_430' title='bbox 1049 1106 1100 1139; x_wconf 83' lang='lat'>14,</span> <span class='ocrx_word' id='word_1_431' title='bbox 1117 1106 1148 1133; x_wconf 84' lang='lat'><strong><em>4.</em></strong></span> <span class='ocrx_word' id='word_1_432' title='bbox 1163 1106 1216 1143; x_wconf 86' lang='lat'><strong><em>18,</em></strong></span> <span class='ocrx_word' id='word_1_433' title='bbox 1227 1106 1277 1134; x_wconf 85' lang='lat'>13.</span> <span class='ocrx_word' id='word_1_434' title='bbox 1295 1107 1346 1140; x_wconf 85' lang='grc'><strong><em>27,</em></strong></span> <span class='ocrx_word' id='word_1_435' title='bbox 1362 1108 1392 1137; x_wconf 89' lang='lat'><strong><em>9.</em></strong></span> <span class='ocrx_word' id='word_1_436' title='bbox 1403 1104 1428 1135; x_wconf 78' lang='grc' dir='ltr'><strong><em>ἐν</em></strong></span> <span class='ocrx_word' id='word_1_437' title='bbox 1440 1104 1585 1145; x_wconf 66' lang='grc' dir='ltr'><strong><em>ὑμῖνῗισαν</em></strong></span> 
     </span>
     <span class='ocr_line' id='line_1_83' title="bbox 917 1145 1586 1184; baseline 0.007 -10"><span class='ocrx_word' id='word_1_438' title='bbox 917 1146 939 1175; x_wconf 78' lang='grc' dir='ltr'><strong><em>οἳ</em></strong></span> <span class='ocrx_word' id='word_1_439' title='bbox 952 1145 1040 1184; x_wconf 82' lang='grc' dir='ltr'><strong><em>λόγοι.</em></strong></span> <span class='ocrx_word' id='word_1_440' title='bbox 1055 1146 1086 1176; x_wconf 93' lang='lat' dir='ltr'>in</span> <span class='ocrx_word' id='word_1_441' title='bbox 1100 1147 1248 1176; x_wconf 84' lang='lat' dir='ltr'>concione</span> <span class='ocrx_word' id='word_1_442' title='bbox 1265 1152 1368 1177; x_wconf 79' lang='lat' dir='ltr'>vestra</span> <span class='ocrx_word' id='word_1_443' title='bbox 1382 1148 1414 1177; x_wconf 90' lang='lat' dir='ltr'>hi</span> <span class='ocrx_word' id='word_1_444' title='bbox 1431 1158 1586 1179; x_wconf 76' lang='lat' dir='ltr'>sermones</span> 
     </span>
     <span class='ocr_line' id='line_1_84' title="bbox 915 1188 1585 1230; baseline 0.004 -13"><span class='ocrx_word' id='word_1_445' title='bbox 915 1188 1112 1219; x_wconf 85' lang='lat' dir='ltr'>habebantur.</span> <span class='ocrx_word' id='word_1_446' title='bbox 1128 1192 1181 1224; x_wconf 88' lang='lat'><strong><em>19,</em></strong></span> <span class='ocrx_word' id='word_1_447' title='bbox 1197 1192 1248 1220; x_wconf 91' lang='lat'><strong><em>10.</em></strong></span> <span class='ocrx_word' id='word_1_448' title='bbox 1266 1188 1340 1229; x_wconf 77' lang='grc' dir='ltr'><strong><em>λόγῳ</em></strong></span> <span class='ocrx_word' id='word_1_449' title='bbox 1355 1190 1401 1219; x_wconf 78' lang='grc' dir='ltr'><strong><em>καὶ</em></strong></span> <span class='ocrx_word' id='word_1_450' title='bbox 1416 1189 1512 1230; x_wconf 67' lang='grc' dir='ltr'><strong><em>ψήφῳ.</em></strong></span> <span class='ocrx_word' id='word_1_451' title='bbox 1525 1197 1585 1221; x_wconf 87' lang='lat' dir='ltr'><strong><em>tam</em></strong></span> 
     </span>
     <span class='ocr_line' id='line_1_85' title="bbox 917 1232 1586 1271; baseline 0.004 -10"><span class='ocrx_word' id='word_1_452' title='bbox 917 1232 1054 1261; x_wconf 85' lang='lat' dir='ltr'>oratione</span> <span class='ocrx_word' id='word_1_453' title='bbox 1071 1242 1160 1270; x_wconf 88' lang='lat' dir='ltr'>quam</span> <span class='ocrx_word' id='word_1_454' title='bbox 1177 1232 1338 1271; x_wconf 84' lang='lat' dir='ltr'>suffragio,</span> <span class='ocrx_word' id='word_1_455' title='bbox 1351 1233 1401 1262; x_wconf 82' lang='lat' dir='ltr'><strong><em>vel</em></strong></span> <span class='ocrx_word' id='word_1_456' title='bbox 1417 1234 1586 1264; x_wconf 74' lang='lat' dir='ltr'>tabellam-</span> 
     </span>
     <span class='ocr_line' id='line_1_86' title="bbox 915 1273 1583 1315; baseline 0.006 -12"><span class='ocrx_word' id='word_1_457' title='bbox 915 1273 986 1304; x_wconf 87' lang='lat' dir='ltr'>cita.</span> <span class='ocrx_word' id='word_1_458' title='bbox 1009 1276 1063 1310; x_wconf 88' lang='lat'><strong><em>49,</em></strong></span> <span class='ocrx_word' id='word_1_459' title='bbox 1080 1277 1109 1304; x_wconf 89' lang='grc'><strong><em>2.</em></strong></span> <span class='ocrx_word' id='word_1_460' title='bbox 1145 1274 1224 1312; x_wconf 86' lang='grc' dir='ltr'><strong><em>λόγον</em></strong></span> <span class='ocrx_word' id='word_1_461' title='bbox 1247 1274 1346 1315; x_wconf 68' lang='grc' dir='ltr'><strong><em>σφίσιν</em></strong></span> <span class='ocrx_word' id='word_1_462' title='bbox 1365 1276 1462 1310; x_wconf 71' lang='grc' dir='ltr'><strong><em>αὐτοῖς</em></strong></span> <span class='ocrx_word' id='word_1_463' title='bbox 1481 1276 1583 1311; x_wconf 79' lang='grc' dir='ltr'><strong><em>δόντες.</em></strong></span> 
     </span>
     <span class='ocr_line' id='line_1_87' title="bbox 915 1316 1583 1353; baseline 0.004 -7"><span class='ocrx_word' id='word_1_464' title='bbox 915 1316 1138 1347; x_wconf 82' lang='lat' dir='ltr'>deliberatione</span> <span class='ocrx_word' id='word_1_465' title='bbox 1158 1317 1238 1347; x_wconf 87' lang='lat' dir='ltr'>inter</span> <span class='ocrx_word' id='word_1_466' title='bbox 1253 1327 1286 1347; x_wconf 88' lang='lat' dir='ltr'><strong><em>se</em></strong></span> <span class='ocrx_word' id='word_1_467' title='bbox 1305 1318 1418 1353; x_wconf 87' lang='lat' dir='ltr'>habita,</span> <span class='ocrx_word' id='word_1_468' title='bbox 1434 1320 1496 1353; x_wconf 87' lang='lat' dir='ltr'>vel,</span> <span class='ocrx_word' id='word_1_469' title='bbox 1513 1330 1583 1349; x_wconf 89' lang='lat' dir='ltr'>cum</span> 
     </span>
     <span class='ocr_line' id='line_1_88' title="bbox 914 1357 1585 1399; baseline 0.004 -11"><span class='ocrx_word' id='word_1_470' title='bbox 914 1357 996 1388; x_wconf 85' lang='lat' dir='ltr'>inter</span> <span class='ocrx_word' id='word_1_471' title='bbox 1019 1370 1052 1389; x_wconf 84' lang='lat' dir='ltr'><strong><em>se</em></strong></span> <span class='ocrx_word' id='word_1_472' title='bbox 1082 1359 1258 1398; x_wconf 83' lang='lat' dir='ltr'>agitassent,</span> <span class='ocrx_word' id='word_1_473' title='bbox 1279 1364 1370 1399; x_wconf 86' lang='lat' dir='ltr'>atque</span> <span class='ocrx_word' id='word_1_474' title='bbox 1391 1361 1429 1389; x_wconf 86' lang='lat' dir='ltr'>ad</span> <span class='ocrx_word' id='word_1_475' title='bbox 1453 1362 1585 1391; x_wconf 89' lang='lat' dir='ltr'>animum</span> 
     </span>
     <span class='ocr_line' id='line_1_89' title="bbox 913 1401 1585 1443; baseline 0.006 -13"><span class='ocrx_word' id='word_1_476' title='bbox 913 1401 975 1441; x_wconf 83' lang='lat' dir='ltr'>ipsi</span> <span class='ocrx_word' id='word_1_477' title='bbox 992 1401 1049 1431; x_wconf 89' lang='lat' dir='ltr'>sibi</span> <span class='ocrx_word' id='word_1_478' title='bbox 1065 1407 1271 1432; x_wconf 80' lang='lat' dir='ltr'>revocassent.</span> <span class='ocrx_word' id='word_1_479' title='bbox 1282 1405 1335 1438; x_wconf 77' lang='lat'>67,</span> <span class='ocrx_word' id='word_1_480' title='bbox 1347 1405 1376 1433; x_wconf 91' lang='grc'><strong><em>6.</em></strong></span> <span class='ocrx_word' id='word_1_481' title='bbox 1401 1402 1476 1443; x_wconf 85' lang='grc' dir='ltr'><strong><em>ἔχειν</em></strong></span> <span class='ocrx_word' id='word_1_482' title='bbox 1490 1403 1585 1434; x_wconf 76' lang='grc' dir='ltr'><strong><em>αἰτίαν</em></strong></span> 
     </span>
     <span class='ocr_line' id='line_1_90' title="bbox 913 1442 1582 1485; baseline 0.006 -12"><span class='ocrx_word' id='word_1_483' title='bbox 913 1443 961 1473; x_wconf 80' lang='grc' dir='ltr'><strong><em>καὶ</em></strong></span> <span class='ocrx_word' id='word_1_484' title='bbox 976 1443 1056 1482; x_wconf 86' lang='grc' dir='ltr'><strong><em>λόγον</em></strong></span> <span class='ocrx_word' id='word_1_485' title='bbox 1069 1443 1189 1485; x_wconf 70' lang='grc' dir='ltr'><strong><em>αἶσχςὲν</em></strong></span> <span class='ocrx_word' id='word_1_486' title='bbox 1211 1442 1243 1473; x_wconf 80' lang='grc' dir='ltr'><strong><em>ἐκ</em></strong></span> <span class='ocrx_word' id='word_1_487' title='bbox 1258 1447 1315 1475; x_wconf 77' lang='grc' dir='ltr'><strong><em>τῶν</em></strong></span> <span class='ocrx_word' id='word_1_488' title='bbox 1330 1448 1463 1475; x_wconf 75' lang='grc' dir='ltr'><strong><em>πολιτῶν.</em></strong></span> <span class='ocrx_word' id='word_1_489' title='bbox 1481 1447 1532 1481; x_wconf 83' lang='grc'><strong><em>85,</em></strong></span> <span class='ocrx_word' id='word_1_490' title='bbox 1549 1449 1582 1477; x_wconf 87' lang='lat'><strong><em>5.</em></strong></span> 
     </span>
     <span class='ocr_line' id='line_1_91' title="bbox 912 1483 1585 1529; baseline 0.003 -13"><span class='ocrx_word' id='word_1_491' title='bbox 912 1483 1102 1516; x_wconf 63' lang='grc' dir='ltr'><strong><em>ὑποτίθεσθαι</em></strong></span> <span class='ocrx_word' id='word_1_492' title='bbox 1122 1486 1166 1515; x_wconf 61' lang='lat' dir='ltr'>‘rii</span> <span class='ocrx_word' id='word_1_493' title='bbox 1187 1486 1274 1524; x_wconf 73' lang='grc' dir='ltr'><strong><em>λόγῳ.</em></strong></span> <span class='ocrx_word' id='word_1_494' title='bbox 1301 1489 1352 1521; x_wconf 91' lang='lat'><strong><em>94,</em></strong></span> <span class='ocrx_word' id='word_1_495' title='bbox 1376 1497 1407 1517; x_wconf 79' lang='grc' dir='ltr'><strong><em>ο.</em></strong></span> <span class='ocrx_word' id='word_1_496' title='bbox 1449 1488 1585 1529; x_wconf 80' lang='grc' dir='ltr'><strong><em>παρέχειν</em></strong></span> 
     </span>
     <span class='ocr_line' id='line_1_92' title="bbox 913 1528 1583 1572; baseline 0.006 -15"><span class='ocrx_word' id='word_1_497' title='bbox 913 1541 978 1563; x_wconf 86' lang='grc' dir='ltr'><strong><em>τους</em></strong></span> <span class='ocrx_word' id='word_1_498' title='bbox 997 1528 1052 1568; x_wconf 81' lang='grc' dir='ltr'><strong><em>μὲν</em></strong></span> <span class='ocrx_word' id='word_1_499' title='bbox 1072 1528 1169 1566; x_wconf 80' lang='grc' dir='ltr'><strong><em>λόγους</em></strong></span> <span class='ocrx_word' id='word_1_500' title='bbox 1189 1529 1373 1568; x_wconf 77' lang='grc' dir='ltr'><strong><em>δημαγωγοῦ,</em></strong></span> <span class='ocrx_word' id='word_1_501' title='bbox 1388 1541 1430 1559; x_wconf 84' lang='grc' dir='ltr'><strong><em>τα</em></strong></span> <span class='ocrx_word' id='word_1_502' title='bbox 1456 1530 1486 1561; x_wconf 82' lang='grc' dir='ltr'><strong><em>δὲ</em></strong></span> <span class='ocrx_word' id='word_1_503' title='bbox 1513 1530 1583 1572; x_wconf 76' lang='grc' dir='ltr'><strong><em>ἔργα</em></strong></span> 
     </span>
     <span class='ocr_line' id='line_1_93' title="bbox 913 1573 1188 1625; baseline 0.004 -25"><span class='ocrx_word' id='word_1_504' title='bbox 913 1573 1050 1625; x_wconf 47' lang='lat' dir='ltr'>ruzdvvov.</span> <span class='ocrx_word' id='word_1_505' title='bbox 1067 1573 1142 1607; x_wconf 75' lang='lat'><strong><em>126,</em></strong></span> <span class='ocrx_word' id='word_1_506' title='bbox 1158 1574 1188 1603; x_wconf 85' lang='lat'><strong><em>8.</em></strong></span> 
     </span>
    </p>

    <p class='ocr_par' dir='ltr' id='par_1_31' title="bbox 866 1613 1583 1697">
     <span class='ocr_line' id='line_1_94' title="bbox 866 1613 1583 1655; baseline 0.003 -12"><span class='ocrx_word' id='word_1_507' title='bbox 866 1613 971 1644; x_wconf 72' lang='grc' dir='ltr'><strong><em>λύειν“</em></strong></span> <span class='ocrx_word' id='word_1_508' title='bbox 957 1625 1038 1655; x_wconf 78' lang='grc' dir='ltr'><strong><em>ορκον.</em></strong></span> <span class='ocrx_word' id='word_1_509' title='bbox 1065 1615 1228 1645; x_wconf 76' lang='lat' dir='ltr'>exsolvere</span> <span class='ocrx_word' id='word_1_510' title='bbox 1241 1615 1372 1654; x_wconf 88' lang='lat' dir='ltr'>aliquem</span> <span class='ocrx_word' id='word_1_511' title='bbox 1393 1614 1541 1645; x_wconf 85' lang='lat' dir='ltr'>vinculo</span> <span class='ocrx_word' id='word_1_512' title='bbox 1527 1626 1583 1653; x_wconf 80' lang='lat' dir='ltr'>Ju-</span> 
     </span>
     <span class='ocr_line' id='line_1_95' title="bbox 911 1656 1582 1697; baseline 0.003 -11"><span class='ocrx_word' id='word_1_513' title='bbox 911 1656 1072 1695; x_wconf 86' lang='lat' dir='ltr'>risjurandi</span> <span class='ocrx_word' id='word_1_514' title='bbox 1089 1658 1125 1687; x_wconf 91' lang='lat' dir='ltr'><strong><em>ab</em></strong></span> <span class='ocrx_word' id='word_1_515' title='bbox 1142 1668 1177 1687; x_wconf 89' lang='lat' dir='ltr'><strong><em>eo</em></strong></span> <span class='ocrx_word' id='word_1_516' title='bbox 1193 1657 1279 1693; x_wconf 83' lang='lat' dir='ltr'>dicti,</span> <span class='ocrx_word' id='word_1_517' title='bbox 1296 1667 1465 1688; x_wconf 87' lang='lat' dir='ltr'>resecrare.</span> <span class='ocrx_word' id='word_1_518' title='bbox 1479 1659 1533 1697; x_wconf 85' lang='lat'><strong><em>49,</em></strong></span> <span class='ocrx_word' id='word_1_519' title='bbox 1550 1660 1582 1688; x_wconf 87' lang='lat'><strong><em>9.</em></strong></span> 
     </span>
    </p>

    <p class='ocr_par' dir='ltr' id='par_1_32' title="bbox 868 1698 1576 1778">
     <span class='ocr_line' id='line_1_96' title="bbox 868 1698 1576 1741; baseline 0.003 -13"><span class='ocrx_word' id='word_1_520' title='bbox 868 1698 962 1740; x_wconf 84' lang='grc' dir='ltr'><strong><em>λύπη]</em></strong></span> <span class='ocrx_word' id='word_1_521' title='bbox 987 1698 1006 1728; x_wconf 77' lang='grc' dir='ltr'>ἃ</span> <span class='ocrx_word' id='word_1_522' title='bbox 1025 1698 1090 1739; x_wconf 76' lang='grc' dir='ltr'><strong><em>ἐμοὶ</em></strong></span> <span class='ocrx_word' id='word_1_523' title='bbox 1107 1699 1202 1733; x_wconf 85' lang='grc' dir='ltr'><strong><em>λύπας</em></strong></span> <span class='ocrx_word' id='word_1_524' title='bbox 1213 1698 1262 1730; x_wconf 72' lang='grc' dir='ltr'><strong><em>ἐπὶ</em></strong></span> <span class='ocrx_word' id='word_1_525' title='bbox 1278 1701 1365 1731; x_wconf 67' lang='grc' dir='ltr'><strong><em>πολὺν</em></strong></span> <span class='ocrx_word' id='word_1_526' title='bbox 1380 1699 1471 1741; x_wconf 78' lang='grc' dir='ltr'><strong><em>χρόνον</em></strong></span> <span class='ocrx_word' id='word_1_527' title='bbox 1485 1699 1576 1739; x_wconf 86' lang='grc' dir='ltr'><strong><em>ἔμελ-</em></strong></span> 
     </span>
     <span class='ocr_line' id='line_1_97' title="bbox 912 1742 1199 1778; baseline 0.007 -8"><span class='ocrx_word' id='word_1_528' title='bbox 912 1748 957 1772; x_wconf 82' lang='grc' dir='ltr'><strong><em>λεν</em></strong></span> <span class='ocrx_word' id='word_1_529' title='bbox 967 1742 1059 1772; x_wconf 81' lang='grc' dir='ltr'><strong><em>οἴσειν.</em></strong></span> <span class='ocrx_word' id='word_1_530' title='bbox 1076 1744 1130 1778; x_wconf 87' lang='grc'><strong><em>78,</em></strong></span> <span class='ocrx_word' id='word_1_531' title='bbox 1147 1745 1199 1772; x_wconf 84' lang='grc'><strong><em>15.</em></strong></span> 
     </span>
    </p>

    <p class='ocr_par' dir='ltr' id='par_1_33' title="bbox 868 1785 1135 1824">
     <span class='ocr_line' id='line_1_98' title="bbox 868 1785 1135 1824; baseline 0.007 -12"><span class='ocrx_word' id='word_1_532' title='bbox 868 1785 1019 1824; x_wconf 80' lang='grc' dir='ltr'><strong><em>λυροποιός.</em></strong></span> <span class='ocrx_word' id='word_1_533' title='bbox 1036 1786 1091 1821; x_wconf 83' lang='lat'>¹73,</span> <span class='ocrx_word' id='word_1_534' title='bbox 1105 1787 1135 1814; x_wconf 85' lang='grc'><strong><em>2.</em></strong></span> 
     </span>
    </p>
   </div>
   <div class='ocr_carea' id='block_1_7' title="bbox 1208 1878 1247 1902">
    <p class='ocr_par' dir='ltr' id='par_1_34' title="bbox 1208 1878 1247 1902">
     <span class='ocr_line' id='line_1_99' title="bbox 1208 1878 1247 1902; baseline -0.026 0"><span class='ocrx_word' id='word_1_535' title='bbox 1208 1878 1247 1902; x_wconf 92' lang='grc' dir='ltr'><strong><em>Μ.</em></strong></span> 
     </span>
    </p>
   </div>
   <div class='ocr_carea' id='block_1_8' title="bbox 861 1954 1581 3065">
    <p class='ocr_par' dir='ltr' id='par_1_35' title="bbox 866 1954 1581 2077">
     <span class='ocr_line' id='line_1_100' title="bbox 866 1954 1581 1998; baseline 0 -14"><span class='ocrx_word' id='word_1_536' title='bbox 866 1954 972 1995; x_wconf 71' lang='grc' dir='ltr'><strong><em>μακςέν</em></strong></span> <span class='ocrx_word' id='word_1_537' title='bbox 987 1956 1095 1998; x_wconf 81' lang='grc' dir='ltr'><strong><em>τεῖχος.</em></strong></span> <span class='ocrx_word' id='word_1_538' title='bbox 1111 1959 1165 1996; x_wconf 84' lang='grc'><strong><em>23,</em></strong></span> <span class='ocrx_word' id='word_1_539' title='bbox 1180 1959 1210 1986; x_wconf 84' lang='lat'><strong><em>4.</em></strong></span> <span class='ocrx_word' id='word_1_540' title='bbox 1226 1956 1260 1985; x_wconf 73' lang='grc' dir='ltr'><strong><em>τὸ</em></strong></span> <span class='ocrx_word' id='word_1_541' title='bbox 1273 1955 1382 1995; x_wconf 70' lang='grc' dir='ltr'><strong><em>Βόξειον.</em></strong></span> <span class='ocrx_word' id='word_1_542' title='bbox 1399 1958 1453 1993; x_wconf 88' lang='grc'><strong><em>91,</em></strong></span> <span class='ocrx_word' id='word_1_543' title='bbox 1470 1959 1521 1988; x_wconf 88' lang='grc'><strong><em>19.</em></strong></span> <span class='ocrx_word' id='word_1_544' title='bbox 1547 1955 1581 1985; x_wconf 69' lang='grc' dir='ltr'><strong><em>τὸ</em></strong></span> 
     </span>
     <span class='ocr_line' id='line_1_101' title="bbox 909 1998 1579 2039; baseline 0.003 -12"><span class='ocrx_word' id='word_1_545' title='bbox 909 1998 1002 2029; x_wconf 88' lang='grc' dir='ltr'><strong><em>νότιον.</em></strong></span> <span class='ocrx_word' id='word_1_546' title='bbox 1026 2002 1081 2036; x_wconf 88' lang='grc'><strong><em>93,</em></strong></span> <span class='ocrx_word' id='word_1_547' title='bbox 1097 2001 1128 2029; x_wconf 88' lang='lat'><strong><em>6.</em></strong></span> <span class='ocrx_word' id='word_1_548' title='bbox 1158 1998 1265 2039; x_wconf 65' lang='grc' dir='ltr'><strong><em>μακξέν</em></strong></span> <span class='ocrx_word' id='word_1_549' title='bbox 1280 1999 1312 2028; x_wconf 77' lang='grc' dir='ltr'><strong><em>ἂν</em></strong></span> <span class='ocrx_word' id='word_1_550' title='bbox 1337 1999 1374 2029; x_wconf 84' lang='grc' dir='ltr'><strong><em>εἴη</em></strong></span> <span class='ocrx_word' id='word_1_551' title='bbox 1400 2010 1451 2037; x_wconf 83' lang='grc' dir='ltr'><strong><em>μοι</em></strong></span> <span class='ocrx_word' id='word_1_552' title='bbox 1475 1998 1579 2037; x_wconf 83' lang='grc' dir='ltr'><strong><em>λέγειν.</em></strong></span> 
     </span>
     <span class='ocr_line' id='line_1_102' title="bbox 910 2043 1014 2077; baseline 0 -7"><span class='ocrx_word' id='word_1_553' title='bbox 910 2043 964 2077; x_wconf 82' lang='grc'><strong><em>83,</em></strong></span> <span class='ocrx_word' id='word_1_554' title='bbox 980 2045 1014 2071; x_wconf 85' lang='lat'><strong><em>4.</em></strong></span> 
     </span>
    </p>

    <p class='ocr_par' dir='ltr' id='par_1_36' title="bbox 866 2080 1578 2156">
     <span class='ocr_line' id='line_1_103' title="bbox 866 2080 1578 2124; baseline 0.006 -13"><span class='ocrx_word' id='word_1_555' title='bbox 866 2082 1018 2121; x_wconf 80' lang='grc' dir='ltr'><strong><em>μαλακίας</em></strong></span> <span class='ocrx_word' id='word_1_556' title='bbox 1026 2082 1120 2123; x_wconf 79' lang='grc' dir='ltr'><strong><em>ὅφλειν</em></strong></span> <span class='ocrx_word' id='word_1_557' title='bbox 1136 2083 1222 2124; x_wconf 86' lang='lat' dir='ltr'>[scil.</span> <span class='ocrx_word' id='word_1_558' title='bbox 1232 2080 1304 2113; x_wconf 75' lang='grc' dir='ltr'><strong><em>δίκην</em></strong></span> <span class='ocrx_word' id='word_1_559' title='bbox 1316 2086 1368 2113; x_wconf 82' lang='lat' dir='ltr'><strong><em>aut</em></strong></span> <span class='ocrx_word' id='word_1_560' title='bbox 1379 2082 1513 2124; x_wconf 58' lang='grc' dir='ltr'><strong><em>ζημίαν]</em></strong></span> <span class='ocrx_word' id='word_1_561' title='bbox 1523 2084 1578 2120; x_wconf 88' lang='grc'><strong><em>35,</em></strong></span> 
     </span>
     <span class='ocr_line' id='line_1_104' title="bbox 909 2130 1012 2156; baseline 0.019 -2"><span class='ocrx_word' id='word_1_562' title='bbox 909 2130 978 2155; x_wconf 83' lang='lat' dir='ltr'>ante</span> <span class='ocrx_word' id='word_1_563' title='bbox 1004 2148 1012 2156; x_wconf 92' lang='lat'><strong><em>.</em></strong></span> 
     </span>
    </p>

    <p class='ocr_par' dir='ltr' id='par_1_37' title="bbox 865 2137 1578 2411">
     <span class='ocr_line' id='line_1_105' title="bbox 865 2137 1576 2208; baseline 0.003 -12"><span class='ocrx_word' id='word_1_564' title='bbox 865 2137 1155 2208; x_wconf 53' lang='lat' dir='ltr'>faaenovpinterdum</span> <span class='ocrx_word' id='word_1_565' title='bbox 1182 2166 1343 2203; x_wconf 78' lang='lat' dir='ltr'>omittitur,</span> <span class='ocrx_word' id='word_1_566' title='bbox 1368 2167 1442 2198; x_wconf 90' lang='lat' dir='ltr'>utin</span> <span class='ocrx_word' id='word_1_567' title='bbox 1458 2167 1512 2198; x_wconf 88' lang='lat' dir='ltr'>illo</span> <span class='ocrx_word' id='word_1_568' title='bbox 1526 2178 1576 2198; x_wconf 81' lang='grc' dir='ltr'><strong><em>τε·</em></strong></span> 
     </span>
     <span class='ocr_line' id='line_1_106' title="bbox 909 2208 1578 2251; baseline 0.003 -12"><span class='ocrx_word' id='word_1_569' title='bbox 909 2209 1007 2240; x_wconf 60' lang='lat' dir='ltr'><strong><em>&amp;vavae</em></strong></span> <span class='ocrx_word' id='word_1_570' title='bbox 1043 2208 1190 2250; x_wconf 71' lang='grc' dir='ltr'><strong><em>νομίσασα</em></strong></span> <span class='ocrx_word' id='word_1_571' title='bbox 1224 2210 1386 2250; x_wconf 69' lang='grc' dir='ltr'><strong><em>λυσιτελεῖν</em></strong></span> <span class='ocrx_word' id='word_1_572' title='bbox 1428 2210 1578 2251; x_wconf 84' lang='lat' dir='ltr'>[subaudi</span> 
     </span>
     <span class='ocr_line' id='line_1_107' title="bbox 907 2252 1576 2294; baseline 0.001 -12"><span class='ocrx_word' id='word_1_573' title='bbox 907 2252 1068 2293; x_wconf 73' lang='grc' dir='ltr'><strong><em>μέλλον]·ἢ</em></strong></span> <span class='ocrx_word' id='word_1_574' title='bbox 1084 2253 1145 2294; x_wconf 68' lang='grc' dir='ltr'><strong>ζῇν,-</strong></span> <span class='ocrx_word' id='word_1_575' title='bbox 1160 2253 1251 2292; x_wconf 69' lang='grc' dir='ltr'><strong><em>ὅξῶσα</em></strong></span> <span class='ocrx_word' id='word_1_576' title='bbox 1272 2252 1314 2281; x_wconf 72' lang='grc' dir='ltr'><strong><em>τοὶ</em></strong></span> <span class='ocrx_word' id='word_1_577' title='bbox 1339 2252 1498 2292; x_wconf 82' lang='grc' dir='ltr'><strong><em>γιγνόμενα.</em></strong></span> <span class='ocrx_word' id='word_1_578' title='bbox 1522 2255 1576 2289; x_wconf 87' lang='grc'><strong><em>62,</em></strong></span> 
     </span>
     <span class='ocr_line' id='line_1_108' title="bbox 907 2295 1574 2334; baseline 0.003 -11"><span class='ocrx_word' id='word_1_579' title='bbox 907 2298 939 2324; x_wconf 86' lang='grc'><strong><em>7.</em></strong></span> <span class='ocrx_word' id='word_1_580' title='bbox 954 2306 1060 2333; x_wconf 79' lang='lat' dir='ltr'>rursus</span> <span class='ocrx_word' id='word_1_581' title='bbox 1075 2297 1226 2334; x_wconf 84' lang='lat' dir='ltr'>redundat</span> <span class='ocrx_word' id='word_1_582' title='bbox 1240 2296 1270 2324; x_wconf 92' lang='lat' dir='ltr'>in</span> <span class='ocrx_word' id='word_1_583' title='bbox 1280 2295 1334 2324; x_wconf 89' lang='lat' dir='ltr'>illo</span> <span class='ocrx_word' id='word_1_584' title='bbox 1346 2296 1462 2334; x_wconf 67' lang='grc' dir='ltr'><strong><em>μᾶλλον</em></strong></span> <span class='ocrx_word' id='word_1_585' title='bbox 1470 2295 1574 2325; x_wconf 77' lang='grc' dir='ltr'><strong><em>δικαιό-</em></strong></span> 
     </span>
     <span class='ocr_line' id='line_1_109' title="bbox 906 2338 1576 2377; baseline 0.003 -11"><span class='ocrx_word' id='word_1_586' title='bbox 906 2348 990 2377; x_wconf 68' lang='grc' dir='ltr'><strong><em>τεςον.</em></strong></span> <span class='ocrx_word' id='word_1_587' title='bbox 1008 2340 1082 2374; x_wconf 83' lang='grc'><strong>113,</strong></span> <span class='ocrx_word' id='word_1_588' title='bbox 1098 2339 1128 2367; x_wconf 81' lang='grc'><strong><em>3.</em></strong></span> <span class='ocrx_word' id='word_1_589' title='bbox 1152 2338 1179 2367; x_wconf 87' lang='lat' dir='ltr'><strong><em>si</em></strong></span> <span class='ocrx_word' id='word_1_590' title='bbox 1194 2338 1271 2367; x_wconf 90' lang='lat' dir='ltr'>bene</span> <span class='ocrx_word' id='word_1_591' title='bbox 1285 2338 1379 2367; x_wconf 88' lang='lat' dir='ltr'>habet</span> <span class='ocrx_word' id='word_1_592' title='bbox 1394 2338 1447 2368; x_wconf 84' lang='lat' dir='ltr'>illa</span> <span class='ocrx_word' id='word_1_593' title='bbox 1470 2338 1576 2368; x_wconf 80' lang='lat' dir='ltr'>lectio.</span> 
     </span>
     <span class='ocr_line' id='line_1_110' title="bbox 906 2379 1409 2411; baseline 0 -2"><span class='ocrx_word' id='word_1_594' title='bbox 906 2391 1013 2410; x_wconf 84' lang='lat' dir='ltr'>verum</span> <span class='ocrx_word' id='word_1_595' title='bbox 1030 2381 1142 2410; x_wconf 82' lang='lat' dir='ltr'>vitiosa</span> <span class='ocrx_word' id='word_1_596' title='bbox 1158 2386 1206 2411; x_wconf 84' lang='lat' dir='ltr'><strong><em>est</em></strong></span> <span class='ocrx_word' id='word_1_597' title='bbox 1220 2380 1284 2410; x_wconf 90' lang='lat' dir='ltr'>sine</span> <span class='ocrx_word' id='word_1_598' title='bbox 1304 2379 1409 2410; x_wconf 85' lang='lat' dir='ltr'>dubio.</span> 
     </span>
    </p>

    <p class='ocr_par' dir='ltr' id='par_1_38' title="bbox 863 2421 1177 2462">
     <span class='ocr_line' id='line_1_111' title="bbox 863 2421 1177 2462; baseline 0.01 -12"><span class='ocrx_word' id='word_1_599' title='bbox 863 2421 1059 2462; x_wconf 79' lang='grc' dir='ltr'><strong><em>Μαραθώναδε.</em></strong></span> <span class='ocrx_word' id='word_1_600' title='bbox 1077 2424 1130 2459; x_wconf 87' lang='grc'><strong><em>54,</em></strong></span> <span class='ocrx_word' id='word_1_601' title='bbox 1145 2425 1177 2453; x_wconf 91' lang='lat'><strong><em>4.</em></strong></span> 
     </span>
    </p>

    <p class='ocr_par' dir='ltr' id='par_1_39' title="bbox 861 2464 1575 3054">
     <span class='ocr_line' id='line_1_112' title="bbox 861 2464 1574 2505; baseline -0.001 -10"><span class='ocrx_word' id='word_1_602' title='bbox 861 2464 973 2505; x_wconf 79' lang='grc' dir='ltr'><strong><em>μέγας]</em></strong></span> <span class='ocrx_word' id='word_1_603' title='bbox 992 2464 1107 2500; x_wconf 78' lang='grc' dir='ltr'><strong><em>πίστεις</em></strong></span> <span class='ocrx_word' id='word_1_604' title='bbox 1119 2476 1166 2495; x_wconf 81' lang='grc' dir='ltr'><strong><em>και</em></strong></span> <span class='ocrx_word' id='word_1_605' title='bbox 1181 2464 1270 2504; x_wconf 57' lang='lat' dir='ltr'>Quom,-</span> <span class='ocrx_word' id='word_1_606' title='bbox 1281 2464 1427 2504; x_wconf 81' lang='grc' dir='ltr'><strong><em>μεγάλους</em></strong></span> <span class='ocrx_word' id='word_1_607' title='bbox 1439 2464 1574 2499; x_wconf 65' lang='grc' dir='ltr'><strong><em>ἀλλήλοις</em></strong></span> 
     </span>
     <span class='ocr_line' id='line_1_113' title="bbox 906 2506 1575 2547; baseline 0 -10"><span class='ocrx_word' id='word_1_608' title='bbox 906 2508 1006 2541; x_wconf 79' lang='grc' dir='ltr'><strong><em>δόντες.</em></strong></span> <span class='ocrx_word' id='word_1_609' title='bbox 1019 2510 1072 2543; x_wconf 89' lang='grc'><strong><em>54,</em></strong></span> <span class='ocrx_word' id='word_1_610' title='bbox 1088 2511 1118 2539; x_wconf 89' lang='grc'><strong><em>2.</em></strong></span> <span class='ocrx_word' id='word_1_611' title='bbox 1141 2518 1173 2538; x_wconf 75' lang='grc' dir='ltr'><strong><em>εκ</em></strong></span> <span class='ocrx_word' id='word_1_612' title='bbox 1188 2509 1260 2538; x_wconf 79' lang='grc' dir='ltr'><strong><em>πολὺ</em></strong></span> <span class='ocrx_word' id='word_1_613' title='bbox 1276 2506 1426 2540; x_wconf 76' lang='grc' dir='ltr'><strong><em>ἐλάττονος</em></strong></span> <span class='ocrx_word' id='word_1_614' title='bbox 1445 2508 1575 2547; x_wconf 58' lang='grc' dir='ltr'><strong><em>ἀφορμῆς</em></strong></span> 
     </span>
     <span class='ocr_line' id='line_1_114' title="bbox 906 2548 1573 2589; baseline -0.003 -9"><span class='ocrx_word' id='word_1_615' title='bbox 906 2551 921 2580; x_wconf 78' lang='grc' dir='ltr'>ἦ</span> <span class='ocrx_word' id='word_1_616' title='bbox 936 2550 1019 2584; x_wconf 83' lang='grc' dir='ltr'><strong><em>πόλις</em></strong></span> <span class='ocrx_word' id='word_1_617' title='bbox 1031 2551 1149 2589; x_wconf 81' lang='grc' dir='ltr'><strong><em>μεγάλη</em></strong></span> <span class='ocrx_word' id='word_1_618' title='bbox 1165 2548 1323 2588; x_wconf 74' lang='grc' dir='ltr'><strong><em>γεγένηται.</em></strong></span> <span class='ocrx_word' id='word_1_619' title='bbox 1345 2552 1398 2583; x_wconf 88' lang='lat'><strong><em>54,</em></strong></span> <span class='ocrx_word' id='word_1_620' title='bbox 1415 2551 1467 2580; x_wconf 84' lang='grc'><strong><em>23.</em></strong></span> <span class='ocrx_word' id='word_1_621' title='bbox 1490 2555 1573 2588; x_wconf 89' lang='grc' dir='ltr'><strong><em>λαμ-</em></strong></span> 
     </span>
     <span class='ocr_line' id='line_1_115' title="bbox 905 2591 1573 2632; baseline -0.001 -10"><span class='ocrx_word' id='word_1_622' title='bbox 905 2592 1040 2626; x_wconf 79' lang='grc' dir='ltr'><strong><em>Βάνοντάς</em></strong></span> <span class='ocrx_word' id='word_1_623' title='bbox 1054 2602 1095 2632; x_wconf 89' lang='grc' dir='ltr'><strong><em>με</em></strong></span> <span class='ocrx_word' id='word_1_624' title='bbox 1107 2591 1133 2622; x_wconf 82' lang='grc' dir='ltr'><strong><em>ἓν</em></strong></span> <span class='ocrx_word' id='word_1_625' title='bbox 1142 2591 1294 2632; x_wconf 77' lang='grc' dir='ltr'><strong><em>μεγίστοις</em></strong></span> <span class='ocrx_word' id='word_1_626' title='bbox 1307 2591 1441 2624; x_wconf 87' lang='grc' dir='ltr'><strong><em>κινδύνοις.</em></strong></span> <span class='ocrx_word' id='word_1_627' title='bbox 1455 2592 1508 2626; x_wconf 87' lang='lat'><strong><em>68,</em></strong></span> <span class='ocrx_word' id='word_1_628' title='bbox 1520 2594 1573 2622; x_wconf 90' lang='grc'><strong><em>10.</em></strong></span> 
     </span>
     <span class='ocr_line' id='line_1_116' title="bbox 904 2633 1571 2675; baseline -0.004 -10"><span class='ocrx_word' id='word_1_629' title='bbox 904 2637 958 2669; x_wconf 73' lang='grc' dir='ltr'><strong><em>τῆς</em></strong></span> <span class='ocrx_word' id='word_1_630' title='bbox 983 2634 1129 2675; x_wconf 76' lang='grc' dir='ltr'><strong><em>μεγίστης</em></strong></span> <span class='ocrx_word' id='word_1_631' title='bbox 1154 2636 1252 2675; x_wconf 73' lang='grc' dir='ltr'><strong><em>ἀρετῆς</em></strong></span> <span class='ocrx_word' id='word_1_632' title='bbox 1281 2633 1410 2673; x_wconf 83' lang='grc' dir='ltr'><strong><em>ἔλεγχον.</em></strong></span> <span class='ocrx_word' id='word_1_633' title='bbox 1438 2635 1493 2668; x_wconf 83' lang='grc'><strong><em>74,</em></strong></span> <span class='ocrx_word' id='word_1_634' title='bbox 1520 2636 1571 2665; x_wconf 89' lang='grc'><strong><em>13.</em></strong></span> 
     </span>
     <span class='ocr_line' id='line_1_117' title="bbox 904 2676 1572 2717; baseline 0 -11"><span class='ocrx_word' id='word_1_635' title='bbox 904 2678 1041 2716; x_wconf 60' lang='grc' dir='ltr'><strong><em>πράττειν</em></strong></span> <span class='ocrx_word' id='word_1_636' title='bbox 1057 2677 1138 2717; x_wconf 84' lang='grc' dir='ltr'><strong><em>μέγα</em></strong></span> <span class='ocrx_word' id='word_1_637' title='bbox 1166 2677 1214 2706; x_wconf 74' lang='grc' dir='ltr'><strong><em>καὶ</em></strong></span> <span class='ocrx_word' id='word_1_638' title='bbox 1239 2676 1326 2705; x_wconf 84' lang='grc' dir='ltr'><strong><em>δεινόν.</em></strong></span> <span class='ocrx_word' id='word_1_639' title='bbox 1353 2676 1407 2710; x_wconf 90' lang='grc'><strong><em>75,</em></strong></span> <span class='ocrx_word' id='word_1_640' title='bbox 1431 2677 1462 2706; x_wconf 87' lang='grc'><strong><em>8.</em></strong></span> <span class='ocrx_word' id='word_1_641' title='bbox 1484 2676 1572 2714; x_wconf 62' lang='lat' dir='ltr'><strong><em>wag-4-</em></strong></span> 
     </span>
     <span class='ocr_line' id='line_1_118' title="bbox 905 2717 1573 2758; baseline -0.001 -9"><span class='ocrx_word' id='word_1_642' title='bbox 905 2719 996 2750; x_wconf 79' lang='grc' dir='ltr'><strong><em>στηκέ</em></strong></span> <span class='ocrx_word' id='word_1_643' title='bbox 1010 2731 1060 2758; x_wconf 89' lang='grc' dir='ltr'><strong><em>μοι</em></strong></span> <span class='ocrx_word' id='word_1_644' title='bbox 1081 2720 1188 2758; x_wconf 65' lang='grc' dir='ltr'><strong><em>θαῦμα</em></strong></span> <span class='ocrx_word' id='word_1_645' title='bbox 1207 2717 1357 2757; x_wconf 76' lang='grc' dir='ltr'><strong><em>μέγιστον.</em></strong></span> <span class='ocrx_word' id='word_1_646' title='bbox 1376 2720 1430 2753; x_wconf 86' lang='lat'>75,</span> <span class='ocrx_word' id='word_1_647' title='bbox 1445 2720 1496 2746; x_wconf 90' lang='lat'><strong><em>11.</em></strong></span> <span class='ocrx_word' id='word_1_648' title='bbox 1517 2729 1573 2756; x_wconf 88' lang='grc' dir='ltr'><strong><em>με-</em></strong></span> 
     </span>
     <span class='ocr_line' id='line_1_119' title="bbox 905 2759 1572 2800; baseline 0 -10"><span class='ocrx_word' id='word_1_649' title='bbox 905 2762 980 2800; x_wconf 78' lang='grc' dir='ltr'><strong><em>γάλη</em></strong></span> <span class='ocrx_word' id='word_1_650' title='bbox 997 2762 1024 2792; x_wconf 79' lang='grc' dir='ltr'><strong><em>δὲ</em></strong></span> <span class='ocrx_word' id='word_1_651' title='bbox 1039 2762 1124 2792; x_wconf 77' lang='grc' dir='ltr'><strong><em>διἰπου</em></strong></span> <span class='ocrx_word' id='word_1_652' title='bbox 1139 2761 1188 2790; x_wconf 79' lang='grc' dir='ltr'><strong><em>καὶ</em></strong></span> <span class='ocrx_word' id='word_1_653' title='bbox 1203 2759 1236 2789; x_wconf 66' lang='grc' dir='ltr'><strong><em>τὸ</em></strong></span> <span class='ocrx_word' id='word_1_654' title='bbox 1252 2759 1424 2799; x_wconf 75' lang='grc' dir='ltr'><strong><em>ἐξαμαρτεῖν</em></strong></span> <span class='ocrx_word' id='word_1_655' title='bbox 1445 2759 1572 2800; x_wconf 75' lang='grc' dir='ltr'><strong><em>δυσπξα-</em></strong></span> 
     </span>
     <span class='ocr_line' id='line_1_120' title="bbox 906 2801 1568 2843; baseline -0.002 -12"><span class='ocrx_word' id='word_1_656' title='bbox 906 2803 965 2843; x_wconf 79' lang='grc' dir='ltr'><strong><em>ξία.</em></strong></span> <span class='ocrx_word' id='word_1_657' title='bbox 986 2807 1041 2843; x_wconf 70' lang='grc'><strong><em>77,</em></strong></span> <span class='ocrx_word' id='word_1_658' title='bbox 1069 2807 1099 2834; x_wconf 90' lang='grc'><strong><em>8.</em></strong></span> <span class='ocrx_word' id='word_1_659' title='bbox 1123 2803 1191 2841; x_wconf 71' lang='grc' dir='ltr'><strong><em>ἄξια</em></strong></span> <span class='ocrx_word' id='word_1_660' title='bbox 1215 2802 1350 2840; x_wconf 73' lang='grc' dir='ltr'><strong><em>μεγάλων</em></strong></span> <span class='ocrx_word' id='word_1_661' title='bbox 1364 2801 1492 2839; x_wconf 68' lang='grc' dir='ltr'><strong><em>ἀγαθᾶν.</em></strong></span> <span class='ocrx_word' id='word_1_662' title='bbox 1516 2806 1568 2839; x_wconf 83' lang='grc'><strong><em>81,</em></strong></span> 
     </span>
     <span class='ocr_line' id='line_1_121' title="bbox 908 2843 1571 2885; baseline -0.008 -9"><span class='ocrx_word' id='word_1_663' title='bbox 908 2850 960 2877; x_wconf 92' lang='grc'><strong><em>10.</em></strong></span> <span class='ocrx_word' id='word_1_664' title='bbox 983 2848 1056 2876; x_wconf 82' lang='grc' dir='ltr'><strong><em>πάνυ</em></strong></span> <span class='ocrx_word' id='word_1_665' title='bbox 1068 2847 1101 2875; x_wconf 81' lang='grc' dir='ltr'><strong><em>ἄν</em></strong></span> <span class='ocrx_word' id='word_1_666' title='bbox 1114 2857 1164 2885; x_wconf 83' lang='grc' dir='ltr'><strong><em>μοι</em></strong></span> <span class='ocrx_word' id='word_1_667' title='bbox 1177 2845 1261 2874; x_wconf 81' lang='grc' dir='ltr'><strong><em>τοῦτο</em></strong></span> <span class='ocrx_word' id='word_1_668' title='bbox 1273 2843 1298 2873; x_wconf 79' lang='grc' dir='ltr'><strong><em>ἐν</em></strong></span> <span class='ocrx_word' id='word_1_669' title='bbox 1309 2845 1426 2884; x_wconf 77' lang='grc' dir='ltr'><strong><em>μεγάλῃ</em></strong></span> <span class='ocrx_word' id='word_1_670' title='bbox 1439 2843 1571 2885; x_wconf 53' lang='lat' dir='ltr'>{iberi-5711:-</span> 
     </span>
     <span class='ocr_line' id='line_1_122' title="bbox 904 2885 1573 2927; baseline -0.006 -10"><span class='ocrx_word' id='word_1_671' title='bbox 904 2899 983 2919; x_wconf 87' lang='grc' dir='ltr'><strong><em>νοιτο.</em></strong></span> <span class='ocrx_word' id='word_1_672' title='bbox 998 2890 1050 2924; x_wconf 91' lang='grc'><strong><em>86,</em></strong></span> <span class='ocrx_word' id='word_1_673' title='bbox 1068 2891 1119 2919; x_wconf 83' lang='grc'><strong><em>13.</em></strong></span> <span class='ocrx_word' id='word_1_674' title='bbox 1142 2885 1241 2927; x_wconf 59' lang='grc' dir='ltr'><strong><em>δωρεαῖς</em></strong></span> <span class='ocrx_word' id='word_1_675' title='bbox 1261 2886 1299 2919; x_wconf 82' lang='grc' dir='ltr'><strong><em>εἷς</em></strong></span> <span class='ocrx_word' id='word_1_676' title='bbox 1311 2886 1456 2926; x_wconf 60' lang='grc' dir='ltr'><strong><em>χρήματα</em></strong></span> <span class='ocrx_word' id='word_1_677' title='bbox 1476 2887 1573 2925; x_wconf 70' lang='grc' dir='ltr'><strong><em>μεγά-</em></strong></span> 
     </span>
     <span class='ocr_line' id='line_1_123' title="bbox 906 2928 1572 2970; baseline -0.006 -10"><span class='ocrx_word' id='word_1_678' title='bbox 906 2933 1035 2966; x_wconf 83' lang='grc' dir='ltr'><strong><em>λας.87,</em></strong></span> <span class='ocrx_word' id='word_1_679' title='bbox 1052 2933 1082 2960; x_wconf 91' lang='grc'><strong><em>1.</em></strong></span> <span class='ocrx_word' id='word_1_680' title='bbox 1103 2931 1229 2970; x_wconf 69' lang='grc' dir='ltr'><strong><em>φυλακὴν</em></strong></span> <span class='ocrx_word' id='word_1_681' title='bbox 1242 2930 1293 2961; x_wconf 69' lang='grc' dir='ltr'><strong><em>τῆς</em></strong></span> <span class='ocrx_word' id='word_1_682' title='bbox 1309 2928 1415 2961; x_wconf 81' lang='grc' dir='ltr'><strong><em>πόλεως</em></strong></span> <span class='ocrx_word' id='word_1_683' title='bbox 1427 2928 1572 2967; x_wconf 71' lang='grc' dir='ltr'><strong><em>μεγίστην</em></strong></span> 
     </span>
     <span class='ocr_line' id='line_1_124' title="bbox 907 2970 1572 3014; baseline -0.002 -12"><span class='ocrx_word' id='word_1_684' title='bbox 907 2973 1028 3014; x_wconf 52' lang='lat' dir='ltr'>..z-arienne.</span> <span class='ocrx_word' id='word_1_685' title='bbox 1054 2974 1202 3009; x_wconf 85' lang='grc'><strong>121,11.</strong></span> <span class='ocrx_word' id='word_1_686' title='bbox 1232 2970 1354 3010; x_wconf 83' lang='grc' dir='ltr'><strong><em>μεγάλα</em></strong></span> <span class='ocrx_word' id='word_1_687' title='bbox 1376 2970 1572 3003; x_wconf 71' lang='grc' dir='ltr'><strong><em>δαπανᾶσθαι.</em></strong></span> 
     </span>
     <span class='ocr_line' id='line_1_125' title="bbox 910 3012 1571 3065; baseline 0 -20"><span class='ocrx_word' id='word_1_688' title='bbox 910 3021 924 3045; x_wconf 90' lang='grc'><strong><em>1</em></strong></span> <span class='ocrx_word' id='word_1_689' title='bbox 931 3017 1017 3050; x_wconf 70' lang='lat'>29,⁶</span> <span class='ocrx_word' id='word_1_690' title='bbox 999 3029 1028 3046; x_wconf 74' lang='grc' dir='ltr'><strong><em>ο.</em></strong></span> <span class='ocrx_word' id='word_1_691' title='bbox 1040 3014 1086 3045; x_wconf 83' lang='grc' dir='ltr'><strong><em>τόν</em></strong></span> <span class='ocrx_word' id='word_1_692' title='bbox 1096 3014 1186 3046; x_wconf 79' lang='grc' dir='ltr'><strong><em>παῖδα</em></strong></span> <span class='ocrx_word' id='word_1_693' title='bbox 1195 3014 1242 3045; x_wconf 73' lang='grc' dir='ltr'><strong><em>ἤδη</em></strong></span> <span class='ocrx_word' id='word_1_694' title='bbox 1254 3012 1347 3054; x_wconf 78' lang='grc' dir='ltr'><strong><em>μέγαν</em></strong></span> <span class='ocrx_word' id='word_1_695' title='bbox 1356 3012 1432 3065; x_wconf 74' lang='grc' dir='ltr'><strong><em>ὄντα.</em></strong></span> <span class='ocrx_word' id='word_1_696' title='bbox 1446 3014 1508 3052; x_wconf 65' lang='lat' dir='ltr'>Jam</span> <span class='ocrx_word' id='word_1_697' title='bbox 1517 3015 1571 3045; x_wconf 75' lang='lat' dir='ltr'>ud</span> 
     </span>
    </p>
   </div>
   <div class='ocr_carea' id='block_1_9' title="bbox 864 3060 916 3089">
    <p class='ocr_par' dir='ltr' id='par_1_40' title="bbox 864 3060 916 3089">
     <span class='ocr_line' id='line_1_126' title="bbox 864 3060 916 3089; baseline 0.038 -2"><span class='ocrx_word' id='word_1_698' title='bbox 864 3060 916 3089; x_wconf 65' lang='lat' dir='ltr'><strong><em>SC</em></strong></span> 
     </span>
    </p>
   </div>
  </div>
 </body>
</html>
