1818 3189
236 161 355 203 xxxii
607 154 958 199 RUHNKENII
993 153 1145 195 HIST.
1180 152 1331 194 ORIT.

233 273 453 323 Ἰσοκράτης.
512 270 715 309 Excitatus
735 269 916 320 exemplo
937 268 1124 318 magistri,
1152 266 1219 316 qui
1252 265 1470 314 Evagoram
1502 267 1694 301 mortuum

231 336 422 379 laudarat,
456 332 649 370 orationes
688 331 871 369 funebres
920 329 1094 380 scripsit.
1152 327 1316 377 Dionys.
1357 325 1487 363 Halic.
1524 326 1562 362 in
1601 326 1695 361 Arte

231 410 270 447 p.
291 402 356 436 39.
412 391 545 433 Talem
568 395 784 432 orationem
813 393 986 431 Cimonis
1015 391 1210 429 memoriae
1247 390 1296 427 ab
1330 388 1397 426 illo
1429 394 1695 427 consecratam

231 471 329 502 esse,
362 456 494 495 videor
527 455 619 492 mihi
654 455 838 505 colligere
867 469 887 493 e
923 453 1122 492 Plutarchi
1154 453 1316 491 Cimone
1345 464 1383 501 p.
1399 455 1492 488 491.
1513 451 1560 488 C.
1619 450 1694 487 Sed

228 518 370 555 frustra
401 515 558 567 quidam
588 515 626 553 in
661 515 837 566 Diogene
876 515 1085 553 Laert.11.
1115 518 1180 552 55.
1214 513 1372 563 legunt:
1404 514 1462 550 καὶ
1495 511 1694 560 Ναυκράτι]

229 578 403 629 Γρύλλου
428 577 611 628 ἐγκώμιον
643 580 888 629 γεγραφέναι.
945 576 1044 614 Nam
1065 575 1236 626 Σωκράτη
1257 574 1464 611 tenendum
1487 586 1584 617 esse,
1605 585 1696 610 con-

229 645 358 677 textus
379 638 472 676 satis
493 638 682 676 ostendit.
740 640 799 676 De
819 637 1027 676 Naucratis
1056 637 1092 674 in
1123 635 1293 674 dicendo
1325 634 1511 672 facultate
1539 634 1695 684 judicat

229 700 442 750 Dionysius
477 700 605 738 Halic.
644 699 682 737 in
714 700 814 737 Isaeo
848 703 878 747 ξ.
901 699 957 737 ιθ’.
1017 699 1133 736 Plura
1166 696 1357 747 Taylorus
1392 695 1501 736 Lect.
1541 695 1692 745 Lysiae.

227 776 263 801 c.
286 762 362 800 III.
417 761 535 813 Apud
572 761 727 799 Suidam
758 761 925 810 reperio,
967 760 1169 797 Philistum
1199 757 1484 802 Naucratitam,
1508 756 1567 794 vel
1583 757 1694 807 Syra-

228 823 390 870 ensium,
407 823 605 873 scripsisse
620 823 712 872 πρὸς
727 823 791 860 τὸν
806 822 1041 873 Τρικάρανον
1057 823 1176 868 λόγον
1195 821 1276 869 περὶ
1295 819 1558 869 Ναυκράτεως.
1577 830 1692 867 quem

228 887 356 925 locum
389 900 482 925 cave
520 888 568 925 de
601 887 814 932 Naucrate,
848 892 1015 931 oratore,
1050 884 1235 933 accipiaS.
1292 884 1392 921 Nam
1433 883 1694 928 scribendum,

227 951 309 998 περὶ
330 949 578 999 Ναυκράτιος,
599 947 644 985 de
666 947 878 993 Naucrate,
900 947 995 984 urbe
1015 945 1196 996 AEgypti.

282 1010 411 1048 XLII.
441 1010 717 1054 ISOCRATES,
737 1007 1017 1059 Apolloniates,
1035 1006 1211 1057 Amyclae
1228 1004 1342 1051 filius,
1364 1004 1550 1042 Isocratis
1572 1005 1694 1042 Athe-

228 1072 368 1110 niensis
387 1071 604 1122 discipulus
624 1077 661 1108 et
678 1083 892 1115 successor,
912 1077 950 1107 et
966 1071 1138 1119 quinque
1159 1067 1378 1105 orationum
1402 1073 1551 1104 auctor.
1581 1065 1692 1104 Suid.

227 1135 264 1172 i’n
280 1148 315 1172 v.
354 1133 458 1171 Huic
475 1133 779 1183 Harpocration.
801 1145 837 1170 v.
856 1131 1041 1173 Ἐπακτὸς
1062 1130 1167 1180 ὅρκος
1190 1129 1324 1167 tribuit
1342 1127 1582 1178 Παραίνεσιν
1601 1127 1696 1178 πρὸς

225 1196 558 1246 Δημόνικον,ᾼ(]υεε
579 1194 693 1244 vulgo
726 1193 910 1231 Isocratis
931 1191 1180 1229 Atheniensis
1201 1195 1377 1241 putatur.
1429 1189 1472 1225 In
1495 1202 1573 1240 quo
1595 1189 1694 1226 Har-

224 1256 426 1309 pocration
460 1255 654 1293 consentit
690 1267 779 1292 cum
813 1254 943 1291 Suida.
1002 1253 1103 1290 Nam
1134 1251 1398 1302 Apolloniatae
1434 1249 1693 1301 προτρεπτικὸς

227 1320 358 1367 λόγος,
379 1331 492 1368 quem
516 1317 579 1354 ille
600 1322 726 1361 vocat,
749 1329 826 1353 non
845 1315 939 1353 alius
959 1321 1032 1359 est,
1049 1313 1121 1351 nisi
1142 1313 1389 1362 Παραίνεσις.
1428 1310 1560 1348 Suidae
1584 1311 1694 1348 testi-

229 1379 402 1417 monium
435 1379 571 1429 effugit
592 1379 709 1415 M.A.
739 1378 938 1415 Muretum
970 1382 1010 1414 et
1042 1375 1094 1412 H.
1116 1372 1376 1424 Stephanum,
1409 1373 1477 1423 qui
1505 1371 1553 1410 de
1575 1372 1692 1421 hujus

131 1447 208 1481 161
230 1441 349 1479 libelli
369 1447 528 1478 auctore
550 1439 678 1477 multis
697 1438 958 1489 disputarunt,
991 1450 1069 1474 non
1090 1436 1181 1474 item
1205 1435 1534 1486 elegantissimum
1554 1434 1692 1479 virum,

229 1503 414 1541 Iacobum
437 1501 699 1539 Facciolatum
735 1500 773 1536 in
806 1498 958 1549 praefat.
981 1497 1198 1536 Paraenesis
1219 1510 1240 1534 a
1268 1511 1307 1534 se
1327 1496 1457 1534 editae.
1515 1495 1694 1533 Eundem

227 1564 515 1614 Apolloniatem
547 1564 772 1606 Isocratem,
809 1560 947 1597 Suidas
967 1573 1003 1598 v.
1033 1559 1236 1605 Θεοδέκτης
1257 1564 1297 1595 et
1318 1571 1353 1595 v.
1378 1556 1588 1608 Ἰσοκράτης
1607 1568 1695 1594 nar-

226 1632 300 1672 rat,
319 1638 405 1663 cum
427 1625 700 1674 Theopompo,
720 1622 965 1666 Theodecte,
982 1627 1021 1658 et
1036 1620 1234 1658 Naucrate
1255 1618 1474 1657 interfuisse
1496 1617 1696 1656 certamini

227 1686 276 1724 de
303 1685 487 1723 laudibus
515 1684 682 1722 Mausoli
714 1681 905 1720 dicendis.
959 1684 1013 1719 At
1043 1680 1453 1718 Pseudo-Plutarchus
1485 1683 1626 1730 p.838.
1649 1679 1694 1717 B.

228 1747 411 1798 majorem
445 1746 659 1783 Isocratem
692 1743 864 1780 Mausoli
898 1742 1032 1780 laudes
1063 1754 1152 1779 cum
1187 1742 1262 1778 illis
1293 1741 1514 1779 decertasse
1546 1739 1695 1778 scribit.

230 1808 385 1846 Gellius
407 1807 523 1845 etiam
546 1807 598 1844 X.
622 1809 683 1844 18.
714 1818 798 1842 esse
829 1804 948 1842 dicit:
982 1809 1008 1826 ‘¹
1033 1804 1100 1853 qui
1131 1804 1342 1841 Isocratem
1375 1803 1499 1854 ipsum
1526 1815 1616 1840 cum
1651 1801 1696 1839 iis

232 1870 348 1920 (quos
378 1869 559 1917 diximus)
591 1867 798 1906 certavisse
830 1865 1028 1902 memoriae
1067 1863 1373 1902 mandaverint.’⁷
1423 1864 1503 1902 Sed
1543 1875 1697 1902 ornnem

230 1930 530 1969 controversiam
566 1929 708 1967 dirimit
729 1928 1029 1977 Theopompus,
1052 1926 1117 1977 qui
1150 1925 1255 1976 apud
1285 1925 1559 1976 Porphyrium,
1586 1924 1699 1976 cujus

231 1993 359 2030 locum
380 1991 511 2029 retulit
536 1990 677 2028 Euseb.
704 1989 747 2027 P.
768 1989 811 2025 E.
834 1989 885 2025 X.
908 1993 944 2026 3.
964 2001 1003 2038 p.
1023 1992 1115 2026 464.
1144 1986 1343 2036 gloriatur,
1372 1986 1595 2036 magistrum
1617 1987 1699 2024 lso-

230 2059 376 2092 cratem
397 2066 417 2089 a
439 2065 479 2089 se
501 2052 641 2089 victum
662 2063 759 2087 esse.
818 2049 928 2094 Quis,
946 2050 1012 2098 qui
1028 2048 1313 2086 Historicorum
1333 2047 1449 2085 fidem
1468 2054 1573 2085 recte
1592 2047 1698 2085 aesti-

230 2127 334 2152 mare
354 2113 504 2158 didicit,
523 2125 596 2149 non
614 2111 744 2162 potius
764 2110 896 2148 credat
908 2111 1183 2160 Theop0mp0‚
1205 2108 1320 2158 hujus
1336 2109 1458 2159 ipsius
1479 2108 1700 2147 certaminis

231 2175 368 2222 actori,
403 2187 520 2224 quam
559 2179 712 2211 centum
747 2171 890 2217 Suidis,
925 2172 1110 2209 incertam
1143 2171 1285 2209 famam
1319 2170 1494 2210 secutis?
1549 2170 1698 2209 Tamen

231 2236 422 2287 Taylorus
442 2236 552 2273 Lect.
574 2234 727 2284 Lysiae.
752 2233 882 2271 0111.
904 2233 941 2270 in
976 2232 1050 2269 alia
1082 2232 1210 2270 omnia
1240 2231 1424 2278 discedit,
1454 2237 1492 2268 et
1524 2231 1697 2269 Pseudo—

233 2297 458 2341 Plutarcho,
480 2309 558 2333 rem
575 2303 679 2333 recte
700 2294 884 2339 narranti,
904 2294 1072 2331 insultat.
1100 2294 1263 2331 Tantam
1277 2293 1481 2342 caliginem
1500 2291 1698 2341 cupiditas

232 2359 358 2397 doctis
375 2359 491 2396 etiam
508 2356 728 2394 hominibus
748 2355 952 2393 offundere
974 2355 1085 2392 solet.
1117 2355 1161 2391 Iu
1181 2353 1471 2404 Apolloniatem
1485 2354 1697 2392 Isocratem

231 2420 372 2458 acerbe
392 2424 431 2456 et
450 2416 729 2455 contumeliose
758 2416 953 2454 invehitur
974 2418 1127 2453 Auctor
1147 2414 1336 2453 Socratic.
1357 2415 1481 2464 Epist.
1499 2415 1699 2453 XXVIII.

232 2496 272 2533 p.
293 2485 359 2520 65.
379 2480 442 2519 τὸν
462 2479 498 2518 δὲ
527 2478 714 2517 Ποντικὸν
742 2477 916 2529 μαθητὴν
945 2477 1110 2524 ἀπέδειξε
1139 2486 1204 2522 τῆς
1225 2479 1337 2515 αὐτοῦ
1358 2480 1493 2528 σοφίας
1509 2475 1698 2529 διάδοχον,

232 2543 273 2582 οὗ
302 2544 361 2589 σὺ,
390 2539 554 2583 πολλοὺς
587 2539 811 2590 τεθεαμένος
840 2542 1034 2591 σοφιστὰς,
1062 2537 1334 2589 βδελυρώτερον
1361 2540 1432 2589 οὐχ
1454 2537 1632 2587 ἑώρακας.
1660 2543 1699 2575 et

232 2617 320 2642 mox
341 2616 382 2655 p.
410 2607 474 2643 67.
494 2605 545 2654 μὴ
567 2601 774 2652 θαυμάζειν
799 2600 848 2645 δὲ,
869 2604 900 2639 εἷ
921 2604 980 2638 καί
999 2616 1076 2643 πως
1102 2600 1294 2648 ἀναγνοὺς
1322 2600 1340 2636 ὁ
1366 2599 1546 2641 Ποντικὸς
1574 2601 1698 2650 μωλύ-

233 2682 338 2716 τερον
355 2667 415 2703 καὶ
433 2665 659 2718 φαυλότερον
685 2669 782 2700 ποιεῖ
800 2662 1006 2713 φαίνεσθαι
1028 2662 1091 2700 τὸν
1110 2663 1244 2709 λόγον.
1302 2661 1368 2698 Sic
1386 2661 1450 2698 ille
1474 2661 1582 2698 locus
1603 2662 1693 2699 scri·

235 2727 401 2771 bendus,
425 2726 460 2763 iu
479 2739 570 2775 qun,
593 2724 684 2774 quid
705 2725 915 2774 μωλὺτερον
935 2729 1050 2769 essct,
1077 2735 1152 2759 non
1181 2721 1372 2759 intellexit
1408 2722 1581 2760 Allatius.
1605 2722 1696 2760 Lex.

235 2789 395 2825 Rhetor.
444 2788 534 2824 MS.
568 2787 811 2835 Μωλύτερον.
853 2785 892 2823 τὸ
928 2783 1182 2834 ἀμβλύτερον,
1219 2785 1279 2819 καὶ
1318 2782 1602 2833 α’νοηὲέστερον,
1638 2784 1697 2820 καὶ

234 2850 351 2891 avem,-
371 2852 433 2885 οὒκ
452 2849 556 2900 ἕχον.
578 2848 644 2886 ubi
666 2861 736 2898 pro
757 2846 1028 2897 d1*ory-9e''e5repov
1061 2847 1142 2896 lege
1169 2844 1457 2895 (ἱνανθέστερον,
1478 2852 1516 2882 et
1536 2846 1583 2883 ad
1606 2858 1697 2883 ean—

233 2911 319 2947 (lem
344 2923 512 2948 normam
535 2910 683 2960 corrige
705 2909 883 2947 Photium
907 2908 996 2945 Lex.
1017 2907 1104 2945 MS.
1127 2914 1164 2944 et
1188 2907 1460 2958 Etymologum
1482 2907 1539 2944 M.
1586 2906 1695 2944 Illam
