1925 3272
452 203 802 248 ORATORUM
836 204 1227 248 GRAECORUM.
1466 207 1570 248 xxix

105 321 243 373 ἲιδιιρὴς
270 325 359 373 γὰρ,
383 324 443 358 καὶ
469 323 686 373 κεχυμένος,
707 323 769 358 καὶ
794 323 954 375 ψυχρός·
981 324 1039 360 καὶ
1059 322 1113 360 ὅτι
1130 324 1254 371 λέγων
1274 321 1388 364 αὐτὸς
1415 320 1465 358 ἂν
1490 320 1571 359 οὔτε

108 382 254 431 ἄδοξος,
287 386 345 421 καὶ
377 387 472 435 μετὰ
502 383 727 434 Λυκοῦργον
755 385 821 429 τὴν
852 382 1028 430 διοίκησιν
1056 391 1127 422 τῶν
1156 384 1342 431 δημοσίων
1365 383 1571 434 χρημάτων

107 444 362 494 παραλαβὼν,
389 446 637 495 ἐξητασμένος
665 444 701 482 Ee*
727 445 910 487 πολλάκις
938 445 1065 491 αὐτὸς,
1086 449 1134 488 ὡς
1161 446 1200 484 ἐν
1227 451 1307 489 τοῖς
1332 446 1464 493 λόγοις
1492 446 1574 495 περὶ

108 509 287 546 ἁπάντων
305 508 445 559 μηνύει·
469 509 528 545 καὶ
546 508 586 545 ἐν
607 507 714 550 ἰδίοις
735 509 793 544 καὶ
812 507 852 545 ἐν
879 506 1067 556 δημοσίοις
1091 508 1238 555 ἀγῶσιν
1257 509 1321 544 οὒκ
1343 507 1391 543 ἂν
1416 503 1463 550 ἧν
1483 504 1571 543 &315-

110 585 236 616 ναι-ος,
264 572 352 612 ὤςτε
373 569 564 620 Δεινάρχῳ
588 572 823 621 λογογραφεῖ
844 567 1028 619 χρῆσθαι.
1052 568 1116 606 ubi
1144 568 1350 618 legendum
1375 579 1459 604 esse
1481 567 1573 618 ὑπὲρ

110 631 395 681 Μενεσαίχμου,
417 637 624 668 contextus
655 630 785 668 docet.
844 630 967 667 Recte
996 642 1085 667 vero
1110 629 1324 678 Dionysius
1348 635 1479 678 negat,
1500 628 1572 666 Di-

108 693 297 730 narchum
321 705 392 742 pro
413 692 706 730 Meuesaechmo
727 691 924 730 orationes
946 691 1165 742 scripsisse.
1223 690 1324 727 Nam
1350 703 1371 727 a
1394 689 1517 728 Suida
1536 703 1570 727 v.
1598 686 1671 722 150

107 753 360 806 Πραγματεία
378 754 559 792 laudatur
575 754 763 791 Dinarchi
783 753 908 792 oratio
927 759 1066 792 contra
1085 752 1432 791 Meneeaechmum.

107 808 110 809 ⁷
162 815 363 853 XXXIII.
394 816 707 854 HEGESIPPUS.
750 816 852 853 Huic
884 815 1090 853 AEschines
1118 814 1328 866 Κρωβύλου
1354 827 1571 864 cognomen

107 889 177 928 per
196 877 404 916 ludibrium
422 877 577 923 indidit,
591 890 637 915 ex
655 890 732 927 quo
753 876 849 915 illud
869 882 1104 914 annotarunt
1125 876 1399 921 Grammafici,
1421 876 1573 925 Harpo-

107 938 272 985 oration,
291 938 526 989 Hesychius,
547 938 703 983 Sum-as,
721 945 776 983 et,
800 944 841 975 ut
861 938 1076 988 legitimum
1098 950 1328 988 cognomen,
1346 936 1470 974 tenuit
1485 936 1574 974 Plu-

107 1001 279 1038 tarchus.
322 1000 366 1037 In
384 1001 585 1050 republica
607 1000 856 1050 Hegesippus
872 999 1025 1045 eodem,
1042 1013 1120 1049 quo
1138 998 1439 1044 Demosthenes,
1457 1011 1572 1036 sensu

106 1061 196 1099 fuit.
219 1061 359 1099 Liban.
378 1061 496 1099 Tom.
520 1061 548 1098 Ι.
573 1074 612 1111 p,
633 1065 726 1098 461.
749 1063 796 1099 A.
818 1068 956 1098 auctor
972 1061 1171 1098 societatis
1191 1073 1279 1098 cum
1302 1060 1572 1098 Phoceusibus

107 1122 305 1160 ineundae.
347 1122 602 1160 Demosthen.
621 1122 669 1159 de
690 1121 774 1159 fals.
799 1122 913 1171 legat.
931 1125 962 1169 ἓ.
985 1122 1042 1159 κε’.
1059 1129 1098 1159 et
1116 1122 1321 1160 AEschines
1341 1134 1375 1159 c.
1392 1119 1571 1171 Ctesiph.

107 1187 138 1231 ς.
162 1183 233 1230 λη’.
257 1184 322 1221 ubi
345 1183 432 1220 vide
451 1183 609 1233 Taylor.
632 1183 724 1220 item
749 1189 886 1220 auctor
906 1182 997 1219 belli
1017 1182 1199 1232 Philippo
1219 1182 1432 1220 indicendi.
1492 1182 1571 1220 De—

106 1245 299 1283 mosthen.
314 1244 363 1282 de
384 1245 476 1283 Cor.
494 1247 527 1291 ξ.
549 1244 618 1293 κγ’.
661 1245 802 1295 Itaque
822 1245 859 1281 in
878 1244 1071 1294 legatione
1092 1243 1354 1282 Macedonica
1374 1250 1573 1282 contume-

107 1306 202 1343 liose
215 1306 371 1344 habitus
391 1319 412 1344 a
430 1306 611 1357 Philippo
626 1311 697 1344 est.
731 1305 987 1343 Demosthen.
1004 1306 1052 1343 de
1068 1305 1154 1343 fals.
1176 1306 1291 1356 legat.
1307 1309 1337 1353 ξ.
1353 1302 1429 1353 4β’.
1459 1305 1573 1344 Obiit

105 1367 221 1405 etiam
252 1367 484 1416 legationem
510 1367 558 1404 ad
584 1367 904 1417 Peloponnesios.
966 1367 1222 1405 Demosthen.
1243 1366 1345 1405 Phil.
1367 1368 1443 1405 III.
1467 1371 1500 1415 ξ.
1521 1367 1571 1405 ιε’.

106 1428 369 1474 Timarchum,
385 1429 435 1465 ab
453 1428 638 1467 AEschine
653 1435 894 1474 accusatum,
909 1427 1098 1466 defendit.
1130 1427 1306 1465 AEschin.
1325 1441 1360 1466 c.
1376 1428 1571 1466 Timarch.

107 1494 137 1537 ξ.
158 1493 211 1528 ιε’,
243 1489 469 1540 Callippum
486 1489 697 1528 accusavit.
729 1490 867 1527 Liban.
889 1502 1036 1539 argum.
1053 1496 1152 1527 orat.
1167 1490 1216 1527 de
1233 1489 1447 1528 Haloneso.
1485 1490 1572 1528 Cri-

106 1551 175 1590 tici
203 1558 353 1589 veteres
379 1550 416 1588 ei
442 1551 618 1589 tribuunt
652 1551 762 1601 duas*
782 1550 1057 1589 Demosthenis
1090 1552 1299 1598 orationes,
1323 1552 1487 1590 alteram
1510 1552 1572 1590 De

106 1613 321 1659 Haloneso‚
338 1614 497 1652 alteram
516 1613 577 1650 De
595 1612 741 1650 foedere
758 1625 845 1650 cum
863 1612 1103 1650 Alexandro.
1139 1613 1240 1650 Vide
1257 1613 1472 1651 Meursium
1488 1616 1571 1652 Att.

107 1674 217 1712 Lect.
235 1675 310 1712 III.
331 1679 369 1715 7.
410 1677 537 1713 Acuta
559 1673 644 1722 ejus
660 1673 764 1712 dicta
785 1673 905 1711 refert
923 1673 1158 1712 Plutarchus
1176 1674 1384 1713 Demosth.
1404 1679 1436 1723 ξ.
1458 1676 1513 1721 ιζ’.
1533 1682 1572 1714 et

105 1736 396 1787 Apophthegm.
415 1750 456 1786 p.
478 1740 569 1776 187.
591 1736 644 1773 D.

102 1822 105 1823 γ
159 1797 355 1836 XXXIV.
386 1799 671 1844 MOEROCLES,
689 1796 934 1843 Salaminius,
951 1796 1090 1835 nobilis
1113 1797 1298 1848 imprimis
1318 1798 1569 1850 demagogus.

105 1857 338 1909 Harpocrat.
362 1859 401 1896 in
417 1872 452 1896 v.
470 1860 581 1908 Saepe
602 1871 674 1908 pro
695 1858 914 1910 Μοιροκλῆς
934 1858 1122 1909 scriptum
1142 1860 1334 1910 reperitur
1354 1861 1568 1910 Μυροκλῆς.

104 1919 191 1956 Nee
205 1920 529 1959 multumt-eferre
545 1926 658 1971 putat
673 1919 836 1958 Wolfius
853 1920 900 1958 ad
920 1920 1130 1959 Demosth.
1147 1920 1197 1959 de
1212 1921 1296 1959 fals.
1314 1922 1428 1972 legat.
1445 1926 1476 1970 ξ.
1493 1924 1569 1961 πα’.

105 1988 192 2020 ntro
218 1983 336 2021 modo
358 1984 564 2022 scribatur.
623 1983 700 2021 Sed
725 1996 852 2021 veram
877 1983 1110 2033 scripturam
1136 1997 1220 2022 esse
1244 1986 1473 2036 Μοιροκλῆς,
1499 1986 1569 2024 do-

104 2050 194 2081 cent
214 2044 410 2083 Victorius
432 2045 481 2082 ad
506 2044 710 2082 Aristotel.
733 2044 896 2082 Rhetor.
925 2045 999 2082 III.
1023 2058 1060 2095 p.
1084 2049 1178 2085 649.
1200 2052 1239 2083 et
1262 2047 1458 2084 Meursius
1483 2049 1567 2086 Att.

104 2105 214 2143 Lect.
236 2106 268 2143 Ι.
292 2111 356 2145 13.
409 2105 611 2144 Moeroclis
633 2106 831 2143 decretum
853 2106 1039 2145 adversus
1066 2120 1146 2153 eos,
1168 2106 1235 2157 qui
1257 2114 1490 2146 mercatores
1510 2109 1568 2147 in-

98 2165 204 2214 juria
230 2166 441 2213 afficerent,
465 2174 653 2205 memorat
680 2168 936 2207 Demosthen.
962 2182 998 2206 c.
1018 2168 1229 2207 Theocrin.
1251 2173 1282 2217 ξ.
1305 2169 1359 2207 ιδ’.
1388 2170 1455 2208 ubi
1479 2171 1568 2209 vide

102 2226 260 2277 Taylor.
285 2242 289 2254 ¹
308 2229 529 2266 Accusatus
562 2234 619 2266 est
652 2228 701 2266 ab
735 2229 905 2273 Eubulo,
939 2229 1046 2278 quod
1081 2242 1103 2266 a
1137 2229 1296 2279 singulis
1328 2243 1476 2276 eorum,
1501 2233 1569 2282 qui

104 2289 258 2326 metalla
284 2289 542 2335 redemerant,
569 2289 724 2326 vicenas
750 2289 956 2327 drachmas
979 2291 1186 2341 exegisset.
1243 2291 1498 2330 Demosthen.
1520 2293 1570 2331 de

103 2348 189 2387 fals.
220 2350 336 2401 legat.
363 2355 394 2397 S.
422 2350 498 2388 πεί.
545 2350 589 2388 Iu
620 2350 819 2400 republica
847 2351 1018 2401 gerenda
1051 2351 1253 2390 meliorum
1284 2353 1450 2402 partium
1480 2352 1568 2392 fuit.

104 2410 243 2450 Liban.
266 2412 379 2449 Tom.
402 2412 433 2449 I.
454 2424 495 2462 p.
519 2415 613 2449 406.
641 2412 688 2449 Β.
719 2412 859 2462 Itaque
880 2413 1090 2464 Antipater
1112 2413 1172 2451 vel
1195 2414 1414 2452 Alexander
1434 2421 1569 2465 postu·
1585 2419 1665 2456 157

103 2472 211 2519 lavit,
232 2479 274 2511 ut
294 2474 366 2511 sibi
387 2486 475 2511 eum
498 2471 582 2510 aliis
604 2472 830 2524 demagogis
851 2473 1075 2512 dederetur.
1132 2474 1225 2513 Vid.
1248 2481 1360 2513 notas
1376 2476 1423 2513 ad
1446 2477 1567 2518 Rutil.

105 2534 138 2572 Ι.
157 2539 196 2574 9.
217 2547 256 2585 p.
278 2538 342 2574 33.
377 2535 586 2579 ,Laudatur
605 2534 655 2571 ab
673 2535 885 2572 Aristotele
905 2535 1067 2574 Rhetor.
1089 2536 1112 2573 l.
1134 2550 1170 2574 c.
1206 2536 1401 2578 Praeclare
1421 2538 1473 2576 H.
1494 2539 1569 2576 Va-

102 2594 221 2632 lesius
250 2595 299 2633 ad
333 2596 568 2645 Harpocrat.
599 2608 639 2646 p.
667 2599 761 2634 129.
789 2596 874 2645 ejus
902 2609 1044 2635 nomen
1071 2597 1239 2636 restituit
1264 2598 1433 2637 Timocli
1459 2600 1565 2650 apud

75 2700 77 2702 q
104 2656 248 2693 Athen.
268 2656 382 2695 VIII.
401 2669 441 2707 p.
461 2661 553 2694 341.
575 2656 620 2695 F.

540 2741 720 2782 Δημοσθένης
734 2743 869 2773 τάλαντα
885 2743 1047 2774 πεντήκοντ’
1063 2743 1136 2786 ἔχει,

533 2785 675 2825 Μακάριος
690 2786 766 2825 εἶπες
781 2785 958 2823 μεταδίδωσι
974 2786 1083 2825 μηδενί.

534 2828 587 2858 Καὶ
603 2830 753 2868 Μοιροκλῆς
768 2828 866 2867 εἴληφε
881 2828 994 2870 χρυσίον
1007 2829 1093 2861 πολύ.

105 2902 210 2939 Ante
237 2900 438 2951 legebatur
467 2902 701 2952 Μητροκλῆς.
760 2903 945 2953 Ejusdem
976 2917 1118 2942 nomen
1150 2910 1372 2955 corruptum
1407 2905 1501 2946 latet
1526 2908 1564 2945 in

106 2963 491 3002 Pseudo-Plutarcho
512 2964 535 3002 l.
557 2977 594 3004 c.
615 2977 653 3015 p.
679 2968 771 3004 842.
794 2965 844 3004 D.
865 2965 1129 3008 ἀποθανόντος
1149 2965 1185 3002 δὲ
1203 2966 1458 3018 (Λυκούργου)
1471 2985 1564 3020 παρ-
