1925 3272
464 200 759 243 ORATORU
770 198 816 240 M
854 197 1242 241 GRAECORUM.
1478 197 1593 240 xxvii

129 317 334 357 scholi-ast.
356 319 394 356 in
416 319 654 367 Hermogen.
677 327 713 365 p.
734 318 826 352 401.
854 314 1090 358 ἐπετήδευσεν
1111 317 1130 352 ὀ
1149 314 1389 365 Δημοσθένης
1411 315 1593 350 κεκαλλω-

127 384 313 430 πισμένον
333 381 567 430 ἐργάσασθαι
587 377 650 416 τὸν
671 378 746 414 κατ’
765 375 1048 425 Ἀνδροτίωνος,
1077 378 1472 428 α’ντιφιλοτιμούμειός
1499 373 1592 424 πρὸς

125 439 339 490 Ἰσοκράτην
358 441 450 490 (leg.
464 439 727 490 Ἰσοκράτειον)
744 438 879 487 ῥήτορα
899 440 1072 486 παρίσοις
1092 437 1348 488 ἑπιχρὼμενον
1368 437 1459 473 κατὰ
1478 437 1592 480 ζῆλον

126 506 190 538 τοῦ
222 501 462 539 διδασκάλου.
519 500 622 537 Vide
657 499 865 550 Taylorum
898 497 946 534 ad
981 497 1063 535 init.
1099 497 1367 535 Audi-otianae.
1438 496 1593 533 Laudat

125 562 411 600 Androtionem
426 561 656 599 Aristoteles
677 560 838 597 Rhetor.
861 558 935 595 III.
960 571 997 608 p.
1015 561 1108 596 583.
1156 559 1218 596 Ad
1240 559 1343 596 hunc
1365 556 1520 595 Ionsius
1542 557 1590 593 de

127 623 270 672 Script.
289 624 338 661 H.
362 623 433 660 Ph.
454 623 506 660 ΙΙ.
527 628 565 662 9.
589 635 627 673 p.
650 625 740 659 159.
762 620 877 658 refert
896 618 1070 666 Ἀτθίδα,
1099 620 1209 669 cujus
1236 627 1374 659 auctor
1398 619 1512 657 nobis
1539 618 1589 656 ab

125 690 279 722 oratore
300 685 477 723 diversus
497 685 663 722 videtur.

181 746 338 785 XXVI.
370 747 565 784 CYDIAS.
626 745 719 794 Ejus
748 744 871 781 oratio
900 746 980 793 περὶ
1011 747 1076 790 τῆς
1098 743 1226 795 Σάμου
1251 746 1480 800 κληρουχίας
1507 746 1589 783 lau-

124 807 241 845 datur
268 810 317 844 ab
338 807 547 845 Aristotele
578 807 740 844 Rhetor.
763 806 816 844 II.
847 820 884 856 p.
907 809 996 843 348.
1058 806 1114 842 Ex
1144 806 1328 843 orationis
1361 814 1589 857 argumento

124 868 257 918 colligi
286 875 430 918 potest,
462 868 620 918 quaudo
654 867 799 918 Cydias
832 867 977 904 vixerit.
1050 867 1150 904 Nam
1187 867 1448 906 Philochorus
1481 868 1587 920 apud
1610 870 1687 906 153

123 929 288 981 Dionys.
310 930 437 968 Halic.
469 932 506 968 in
528 929 727 968 Dinarcho
755 942 792 979 p.
818 933 908 967 118.
930 935 1066 966 auctor
1086 936 1159 974 est,
1188 929 1351 967 colonos
1372 930 1409 967 in
1431 931 1587 968 Samum

122 991 258 1029 missos
286 1005 371 1029 esse
393 992 595 1030 Archonte
616 992 881 1035 Aristodemo,
911 991 1073 1040 Olymp.
1097 990 1248 1028 CVIII.
1271 995 1306 1028 1.
1337 991 1438 1030 Vide
1458 993 1587 1030 Vales.

111 1054 170 1089 ad
192 1053 425 1102 Harpocrat.
449 1067 486 1104 p.
508 1058 597 1090 111.
620 1060 658 1091 et
680 1053 834 1091 Corsin.
857 1052 960 1090 Fast.
986 1055 1068 1089 Att.
1089 1052 1133 1089 T.
1157 1052 1227 1090 IV.
1249 1066 1285 1103 p.
1307 1058 1372 1094 27.

185 1115 359 1151 XXVII.
391 1115 566 1159 AESION,
593 1113 873 1152 Demosthenis
902 1113 1213 1163 condiscipulus.
1274 1114 1384 1152 Suid.
1405 1127 1443 1152 v.
1465 1116 1587 1165 Δημο-

121 1173 272 1220 σθένης.
312 1174 390 1213 Hic
412 1175 461 1213 de
480 1175 689 1225 superioris
706 1181 745 1213 et
765 1175 823 1211 sui
840 1174 1025 1224 temporis
1040 1173 1276 1212 Oratoribus
1294 1175 1387 1225 quid
1411 1177 1587 1223 sentiret,

122 1243 294 1286 rogatus,
315 1236 536 1286 respondll:
567 1239 616 1279 ὡς
643 1237 786 1274 α’κοῦων
805 1235 876 1282 μὲν
902 1236 949 1273 ἄν
976 1252 1032 1278 τις
1058 1234 1271 1285 ἐθαύμασεν
1305 1236 1466 1279 ἐκείνους
1494 1239 1594 1275 εὐκό-

121 1313 225 1347 σμως
254 1299 312 1334 καὶ
335 1300 634 1348 μεγαλοπρεπῶς
660 1300 709 1349 τῷ
737 1297 839 1348 δήμῳ
865 1296 1172 1347 διαλεγομένους·
1194 1299 1539 1349 ἀναγινωσκόμενοι
1567 1298 1597 1336 δ’

121 1358 156 1395 οἱ
174 1358 436 1410 Δημοσθένους
455 1360 565 1407 λόγοι
585 1360 683 1397 πολὺ
703 1362 746 1412 τῇ
775 1360 979 1412 κατασκευῇ
1007 1359 1067 1394 καὶ
1093 1357 1246 1409 δυνάμει
1269 1357 1492 1410 διαφέρουσι.
1527 1359 1592 1397 Sic

119 1433 170 1457 ex
203 1420 422 1471 Hermippo
453 1428 580 1458 narrat
615 1420 811 1458 Plutarch.
844 1419 1049 1457 Demosth.
1082 1423 1114 1467 ξ.
1151 1419 1209 1457 ια’.
1285 1420 1593 1458 Demosthenem

121 1481 248 1531 ipsum
269 1481 318 1518 de
339 1494 379 1519 se
400 1486 439 1519 et
461 1481 684 1519 Callistrato
711 1482 849 1519 eodeni
879 1480 997 1518 modo
1018 1480 1230 1531 judicasse,
1260 1481 1378 1520 tradit
1400 1483 1592 1532 Ulpianus

116 1541 163 1579 jn
198 1541 404 1579 Demosth.
441 1554 474 1580 c.
510 1543 685 1579 Timocr.
721 1546 753 1590 ξ.
789 1541 858 1579 w.
932 1541 1083 1579 Laudat.
1122 1542 1319 1580 AEsionem
1360 1543 1593 1581 Aristoteles

124 1602 287 1640 Rhetor.
309 1602 384 1638 111.
406 1614 443 1650 p.
465 1605 556 1639 650.
604 1601 708 1639 Vide
729 1602 901 1638 Ionsium
923 1601 972 1638 de
994 1602 1140 1651 Script.
1163 1603 1211 1639 H.
1234 1603 1304 1640 Ph.
1321 1603 1356 1642 I.
1379 1608 1418 1643 7.
1441 1617 1480 1654 p.
1500 1608 1565 1643 36.

178 1662 373 1700 XXVIII.
405 1662 652 1708 PHILlNUS,
683 1662 898 1700 Nicostrati
920 1662 1036 1708 filius,
1067 1663 1097 1700 si
1119 1664 1235 1702 modo
1256 1664 1360 1702 idem
1381 1672 1454 1711 est,
1478 1666 1593 1715 cujus

124 1723 486 1762 mentionemsacit
515 1724 803 1762 Demosthenes
830 1726 914 1761 adv.
944 1724 1044 1761 Mid.
1077 1726 1111 1770 ξ.
1137 1726 1206 1774 με’.
1265 1726 1359 1763 Tres
1389 1725 1473 1775 ejus
1505 1739 1593 1764 ora-

123 1784 248 1823 tiones
270 1785 400 1822 laudat
421 1785 726 1835 Harpocration.
784 1785 914 1822 Prima
935 1791 992 1822 est
1013 1786 1106 1837 πρὸς
1129 1787 1342 1837 Αἰσχύλου,
1361 1786 1593 1838 Σοφοκλέους

123 1848 183 1884 καὶ
200 1846 400 1898 Εὐριπίδου
418 1848 583 1897 εἰκόνας,
605 1859 638 1883 v.
659 1849 841 1897 Θεωρικᾶ,
869 1847 1047 1896 opposita
1068 1846 1228 1884 decreto
1251 1848 1435 1898 Lycurgi,
1465 1854 1506 1885 ut
1535 1848 1593 1885 his

123 1908 297 1958 Tragicis
319 1914 461 1945 statuae
482 1921 530 1945 ex
551 1920 627 1945 aere
648 1913 904 1958 ponerentur:
934 1909 1038 1958 quod
1061 1907 1159 1945 bene
1183 1907 1278 1946 vidit
1300 1921 1459 1958 magnus
1478 1908 1594 1946 Vale—

123 1969 203 2006 sius
224 1968 271 2007 ad
282 1969 378 2006 Not.
395 1969 588 2007 Maussac.
609 1969 648 2007 in
665 1970 901 2020 Harpocrat.
922 1982 960 2019 p.
983 1974 1074 2008 290.
1116 1971 1253 2008 Altera
1275 1975 1368 2009 κατά
1384 1972 1592 2022 Δωροθέου,

123 2031 174 2069 ab
196 2031 279 2068 aliis
302 2030 493 2082 Hyperidi
511 2031 668 2069 tributa.
726 2031 960 2081 Harpocrat.
983 2045 1016 2069 v.
1034 2032 1117 2068 Ἐπὶ
1137 2032 1283 2082 κόῤῥης.
1341 2033 1477 2070 Tertia
1501 2033 1598 2085 Κρο-

125 2092 286 2130 κωνιδῶν
308 2091 518 2131 διαδικασία
543 2093 634 2144 πρὸς
663 2092 907 2143 Κοιρωνίδας,
936 2092 986 2129 ab
1011 2092 1094 2130 aliis
1121 2093 1268 2130 tributa
1281 2094 1477 2144 Lycurgo.
1494 2094 1596 2131 Har-

125 2161 275 2205 pocrat.
304 2168 340 2192 v.
370 2154 607 2205 Κοιρωνίδαι.
664 2154 777 2200 Eam,
802 2160 844 2191 ut
873 2154 1027 2200 Philini,
1058 2154 1192 2192 laudat
1222 2155 1436 2192 Athenaeus
1470 2155 1521 2193 X.
1552 2169 1594 2206 p.

88 2265 94 2271 ,
126 2221 218 2255 425.
239 2219 285 2255 B.
307 2218 377 2254 ubi
409 2217 497 2255 vide
531 2218 587 2256 Is.
618 2217 914 2259 Casaubonum3
959 2216 1175 2266 eodemque
1209 2217 1296 2254 haec
1330 2218 1526 2267 pertinent
1556 2219 1595 2256 in

128 2278 275 2316 Lexico
313 2277 531 2316 Rlletorico
569 2278 657 2315 MS.
700 2276 953 2327 Κορωνιάδαι.
992 2280 1104 2325 γένος
1133 2276 1346 2333 Ἀθήνῃσιν
1385 2278 1482 2328 ἱερὸν
1519 2280 1594 2318 α’πό

127 2339 327 2387 Κάνωνος,
347 2338 388 2381 ὃς
407 2337 454 2383 ἦν
470 2338 630 2389 α’ὂελφὸς
647 2338 840 2387 Κόρωνος.
860 2338 920 2374 καὶ
940 2337 1163 2387 Κορωνίέαι,
1188 2342 1302 2387 γένος
1317 2339 1414 2390 ἱερὸν
1427 2338 1592 2395 Ἀθήνῃ-

128 2417 205 2439 σιν.
225 2401 423 2451 ιίμφότεροι
443 2399 471 2436 δ’
489 2398 588 2445 ἦσαν
607 2399 738 2442 παῖδες
757 2399 1034 2450 Τριπτολέμου.
1093 2399 1193 2443 Quae
1217 2400 1272 2438 sic
1299 2401 1526 2449 corrigenda
1546 2415 1592 2439 ex

129 2461 462 2511 Harpocratione:
508 2447 745 2511 ssotpwvffltu.
776 2462 886 2509 γένος
914 2460 1122 2514 Ἀθήνῃσιν
1151 2462 1249 2512 ἱερὸν
1278 2463 1353 2501 cim}
1383 2462 1591 2513 Κοίρωνος,

127 2522 171 2564 ὃς
190 2520 236 2567 ἧν
264 2520 425 2574 ἀδελφὸς
443 2520 654 2572 Κρόκωνος.
685 2525 745 2560 καὶ
763 2521 1008 2570 Κροκωνίδαι,
1029 2529 1103 2560 etc.
1163 2523 1268 2561 Male
1299 2525 1403 2574 apud
1431 2524 1592 2562 Suidam

128 2581 355 2633 Κυρωνίδαι,
387 2595 459 2619 nec
489 2582 586 2619 bene
612 2583 716 2632 apud
738 2583 970 2621 Athenaeum
989 2584 1245 2635 Κροκανιδῶν.
1302 2586 1591 2624 Grammaticus
1611 2593 1690 2628 154

129 2649 240 2679 vetus
265 2642 310 2681 de
337 2642 572 2692 scriptorum
590 2643 725 2693 furtis
750 2644 852 2693 apud
881 2644 1072 2683 Clement.
1102 2646 1316 2685 Alexandr.
1349 2647 1492 2684 Strom.
1520 2647 1590 2686 VI.

131 2714 169 2751 p.
190 2706 281 2742 748.
311 2702 504 2740 Philinum
524 2703 672 2753 aliquid
699 2718 720 2742 a
744 2705 1008 2743 Demosthene
1035 2707 1247 2756 sumpsisse
1268 2707 1378 2745 dicit.
1436 2709 1493 2745 Ex
1514 2721 1593 2758 quo

123 2762 310 2802 Valesius
330 2763 436 2801 aliud
457 2772 726 2814 argumentum
747 2779 888 2817 capere
909 2774 1063 2816 poterat
1083 2774 1219 2806 contra
1236 2770 1502 2818 Maussacum,
1526 2771 1593 2820 qui

131 2822 237 2860 illum
258 2824 514 2874 Antiphontis
534 2827 725 2875 aequalem
747 2828 956 2866 statuebat.
1077 2836 1081 2837 ⁷

188 2883 745 2924 XX1X;AR1sToG1T0N.·
775 2888 893 2926 Hunc
933 2902 1010 2927 non
1044 2903 1090 2927 ex
1123 2889 1289 2927 articulo
1325 2892 1507 2940 quodam,
1525 2893 1593 2930 sed

136 2952 259 2984 totum
280 2944 516 2996 cognoscere
537 2948 629 2987 licet
649 2962 695 2986 ex
726 2950 1002 2989 Demosthenis
1023 2957 1060 2988 et
1084 2951 1273 2989 Dinarchi
1303 2952 1487 2992 adversus
1507 2967 1593 2992 eum
