1816 3272
663 226 1064 270 ANDOCIDEAE.

131 336 150 366 ἦ
166 334 241 366 στοὲι
256 333 302 365 sic
318 335 399 365 nude
412 334 495 365 dictu
511 338 558 364 est
573 332 700 364 Poecile.
715 335 770 368 41,
783 335 816 363 3.

114 377 293 418 Υτρατεία]
316 378 338 408 οἱ
359 376 407 407 ἐπὶ
422 375 577 417 στρατείας
590 374 676 409 ὅντες.
689 375 721 405 in
738 374 847 405 castris

178 424 313 459 agentes.
330 422 382 455 82,
400 421 452 449 12.

133 462 337 514 στρατεύονται
359 464 381 493 οἳ
403 460 596 503 πρεσβύτεροι,
614 461 799 500 δημηγορουσι
819 458 847 490 δὲ

173 507 203 537 οἱ
219 504 282 536 νέοι.
297 507 372 540 123,
387 507 420 535 6.

136 549 308 587 στρατηγεῖν
325 545 503 587 στρατηγίας
517 544 673 580 πλείστας.
688 546 744 582 ¹73,
759 547 791 577 5.

135 590 292 630 στρατηγῖς
306 590 421 640 τριήρης.
440 592 472 624 6,
487 590 518 619 3.

136 632 312 684 στρατηγὸς]
337 634 357 662 οἶ
383 631 410 666 ἒς
434 629 559 661 Σικελίαν
581 629 739 669 στρατηγοὶ
766 630 850 670 [soil.

179 674 307 715 η’ρημένοι
320 675 368 705 vel
383 673 636 713 ἀποδεδειγμένοι]
646 675 676 709 6,
686 676 717 704 2.
733 672 745 702 ὅ
761 684 851 714 στρα-

177 717 265 756 τηγὸς
283 718 295 747 ὅ
307 718 444 760 χαλκοῦς.
460 726 569 746 nomen
586 720 695 746 statuae
711 726 804 746 aeneae
821 716 851 745 in

179 760 294 800 templo
312 760 441 790 Bacchi.
459 762 511 796 19,
527 761 579 790 18.
593 760 659 794 τοὺς
673 769 853 800 στρατηγους

179 803 339 833 ἀνακαλεῖν.
354 805 408 837 23,
422 806 453 833 2.

136 843 298 884 στρεςλουν.
313 848 366 880 22,
382 848 435 875 11.

137 889 305 929 συγγραφὴ]
334 889 503 928 συγγραφὰς
523 886 568 918 ἤδη
591 886 666 929 ἔχειν
694 886 765 927 [sed
790 887 852 927 leg.

181 930 226 961 ibi
243 936 291 960 est
309 931 453 972 γραφάς]
474 940 598 970 operam
614 930 786 968 pingendi
775 941 853 969 Jam-

182 973 298 1004 dudum
317 974 385 1004 aliis
406 975 554 1003 elocatum
572 973 696 1010 habere,
713 973 764 1003 vel
781 983 853 1003 con-

182 1015 315 1046 dixisse.
332 1019 407 1052 120,
423 1019 453 1046 2.

139 1057 376 1096 συγκαθιστάνειν
390 1057 523 1098 τύραννον.
538 1060 593 1093 48,
609 1060 712 1098 antep-

135 1101 354 1139 συγκαταλύειν
367 1101 415 1132 τὸν
430 1102 488 1142 δῆμ
490 1112 525 1131 ον.
540 1102 594 1136 51,
607 1102 638 1131 3.

137 1145 421 1181 συγκατασκάπτειν
434 1146 475 1174 τὰ
490 1144 586 1184 τείχη.
603 1143 657 1178 51,
671 1144 701 1172 2.

140 1185 298 1225 συγκλείειν
311 1186 345 1217 τὸ
360 1186 556 1227 δεσμωτήριον.
573 1186 626 1221 25,
643 1187 673 1214 1.

141 1228 329 1269 συγκρύπτειν
342 1229 394 1259 τινὶ
407 1230 455 1259 τῆν
468 1226 624 1269 ἁμαρτίαν.
637 1227 748 1258 celare.
761 1229 856 1262 33‚3.

140 1273 301 1312 συγχωρεῖν
327 1283 368 1311 τῳ
385 1271 513 1317 ὀνόματι
541 1273 592 1303 τῆς
615 1269 722 1310 εἰρήνης,
745 1272 809 1305 τοῖς.
832 1269 859 1300 δ’

184 1313 283 1353 ἔργοις,
301 1312 354 1353 ἀφ’
377 1317 414 1344 ὠν
437 1313 470 1343 ἓιν
494 1313 575 1354 ειρήνη
599 1311 727 1350 γένηται,
750 1312 856 1343 ἔναντι-

185 1357 303 1387 onerem.
325 1357 450 1386 disertis
465 1357 589 1395 quidem
602 1355 706 1385 verbis
722 1366 755 1385 se
772 1356 856 1396 pacis

185 1399 380 1430 adversarios
390 1399 470 1429 haud
485 1399 577 1435 ferre,
587 1398 680 1428 rebus
692 1402 791 1427 tamen
803 1399 857 1428 ad-

184 1442 303 1473 versari
325 1442 438 1482 coeptis
459 1442 498 1472 iis
518 1441 668 1477 omuibus,
691 1441 773 1470 unde
794 1451 856 1480 pax

184 1485 348 1515 coalescat.
367 1487 419 1521 90,
433 1487 464 1515 4.

141 1526 357 1567 συλλαμξίινειν
371 1525 397 1557 ἐν
406 1525 562 1568 ἀπορρήτῳ.
575 1526 665 1562 clam,
679 1525 816 1562 silenter,
826 1525 857 1555 in

187 1571 321 1606 occulto,
335 1570 594 1609 comprehendere
604 1575 695 1609 atque
707 1568 857 1600 custodiae

186 1614 342 1643 mandare.
358 1615 411 1648 22,
429 1613 483 1643 ult.

145 1654 283 1694 σύλλογος
296 1657 351 1685 τῶν
365 1657 435 1686 νεῶν.
452 1656 525 1691 107,
542 1655 595 1685 15.

143 1697 341 1739 συμβάλλειν]
370 1698 554 1732 συνεβάλοντο
577 1696 659 1739 μέρος
685 1708 734 1728 ουκ
753 1695 858 1739 ἐλάχι-

187 1752 266 1771 στον.
295 1745 415 1780 partem
443 1750 503 1771 non
532 1740 688 1770 minimam
718 1740 857 1771 confere-

187 1783 272 1813 bant.
290 1785 344 1819 71,
360 1785 414 1814 11.

142 1825 338 1866 συμβόλαιον]
373 1824 488 1865 πράξεις
514 1823 705 1866 συμέολαίων.
728 1824 859 1866 gericht·

189 1868 263 1899 biche
285 1867 532 1909 Einmahmngen
554 1878 647 1898 semer
666 1866 858 1909 Schuldfode-

188 1920 318 1952 mugen,
335 1912 382 1941 die
401 1911 482 1941 einer
503 1921 544 1941 an
563 1912 655 1941 einem
675 1911 789 1942 andern
809 1909 861 1940 hat

142 1982 145 1986 .
190 1954 336 1995 [judicial
350 1954 493 1984 exactions
511 1952 549 1994 ‘ff
554 1953 603 1984 the
613 1954 753 1985 demands
764 1951 859 1983 which

189 2007 242 2027 one
259 2006 363 2036 person
385 1996 435 2027 has
452 2007 531 2036 upon
548 1997 701 2038 another}
723 1996 862 2036 postula·
876 1995 880 1998 ’

144 2050 147 2054 ·
189 2039 290 2069 tiones
300 2044 332 2069 et
340 2040 555 2070 exsecutiones
565 2039 732 2078 judiciales
743 2049 861 2074 eorum,

191 2092 259 2121 quae
278 2081 370 2112 alicui
392 2083 543 2112 debentur
560 2092 600 2112 ex
623 2087 713 2121 pacto
734 2082 860 2121 scripto.

192 2135 261 2155 cum
278 2124 414 2154 creditor
433 2125 465 2154 in
484 2125 551 2154 foro
568 2125 719 2163 producta
734 2134 862 2163 syngra-

191 2168 254 2207 plia
267 2167 370 2206 poscit
383 2167 554 2197 debitorem
569 2177 611 2197 aes
626 2167 776 2197 creditum
791 2167 863 2197 red-

193 2210 337 2239 dendum.
353 2211 408 2245 42,
424 2220 495 2250 pen.

148 2251 309 2293 σύμβολον]
333 2251 483 2292 σύμβολα.
505 2256 594 2292 pacta
611 2256 761 2283 conventa
781 2251 864 2282 inter

193 2295 271 2325 duas
287 2294 429 2325 civitates
450 2295 490 2324 de
510 2295 579 2333 jure
594 2299 699 2325 mutuo
716 2305 864 2325 commer-

194 2339 322 2373 ciorum,
351 2337 433 2376 quod
463 2339 559 2367 ambae
590 2338 697 2367 volunt
723 2338 803 2368 inter
829 2347 863 2367 se

195 2389 353 2409 commune
369 2384 527 2419 ratumque
540 2390 620 2409 esse.
635 2381 708 2415 121,
723 2381 755 2410 5.

151 2419 364 2462 συμξουλεύειν]
398 2422 411 2451 ὃ
436 2421 656 2462 συμζουλεύσας
684 2421 757 2456 δ’σιος
785 2421 863 2452 ἔστω

192 2464 242 2494 καὶ
258 2464 369 2501 εὐαγής.
394 2468 500 2495 auctor
520 2465 652 2502 consilii,
673 2474 791 2502 suasor,
807 2465 864 2495 im-

193 2507 310 2546 pulsor.
325 2509 377 2542 48,
392 2508 424 2537 7.

151 2549 440 2590 συμπαρασκευάζειν
460 2547 507 2578 τόν
525 2549 633 2587 ἀγῶνα.
655 2548 758 2585 alicui,
777 2549 865 2580 litem

197 2592 345 2622 adversus
368 2592 539 2630 quempiam
553 2592 730 2628 instruenti,
749 2596 864 2632 praesto

196 2643 266 2663 esse
290 2635 399 2664 dandis
422 2633 572 2670 consiliis,
593 2634 699 2672 lingua
719 2640 750 2665 et
772 2645 867 2675 opera

197 2677 390 2714 praestandis.
404 2680 457 2713 64,
471 2679 523 2707 19.

153 2718 321 2758 συμποιεῖν]
335 2729 460 2758 operam
476 2719 506 2748 in
519 2718 620 2758 aliqua
631 2729 665 2750 re
680 2719 868 2759 perficienda

199 2761 311 2790 sociam
326 2765 484 2812 praestare.
498 2764 552 2797 30,
568 2764 599 2792 4.

154 2803 367 2842 συμπολεμειν.
384 2800 458 2839 100,
474 2805 529 2834 ult.

151 2843 325 2886 συμφέρειν]
343 2845 498 2884 συνήνεγκεν
512 2845 562 2877 ἐπι
572 2845 607 2877 τὸ
621 2846 739 2886 ἄμεινον.
754 2849 806 2883 36,
816 2849 868 2878 20.

197 2887 288 2926 qnasi
303 2894 481 2940 usurpata-‘m
495 2898 616 2929 quoqne
629 2889 739 2920 fuisset
751 2888 869 2930 συμφέ-

199 2940 250 2970 ρειν
273 2928 322 2959 ἐπι
343 2929 376 2960 τό
405 2940 505 2972 χειρον.
535 2933 616 2971 quod
637 2932 743 2971 utique
766 2932 871 2971 potuit

155 2997 158 3000 .
202 2972 360 3011 usurpari:
385 2983 451 3003 nam
475 2973 647 3015 συμφέρειν
639 2984 670 3004 ιιι
686 2976 743 3005 bac
758 2975 870 3005 dictio-

155 3036 159 3040 .
201 3023 240 3044 ne
261 3014 343 3046 idem
361 3016 445 3048 valet
465 3021 556 3057 atque
580 3017 713 3058 ἀπαντᾷν
734 3018 783 3048 vel
805 3029 870 3049 συν-

1511 234 1595 278 383

922 334 1087 375 τυγχάνειν.

880 377 1122 418 συμφιλονεικεῖν]
1145 378 1431 418 συμφιλονεικούντων
1445 380 1524 420 αὖτῳ
1543 383 1598 412 τῶν

924 418 1049 499 {gog-54¹7.
1101 421 1307 457 studentibus,
1342 423 1518 454 faventibus
1555 425 1595 454 ei.

882 505 1034 545 συμφοραὶ]
1053 503 1183 544 ὀνειδίζειν
1196 517 1249 535 τινι
1262 508 1317 542 τὰς
1331 507 1490 557 συμφοράς.
1498 510 1554 545 77,
1565 510 1597 539 3.

925 549 1063 588 συμφορὰ
1085 550 1139 577 τῶν
1161 551 1267 588 φρενῶν.
1289 550 1456 580 occoecatio
1472 552 1596 588 mentis,

926 590 1121 628 desipientia.
1146 593 1201 626 78,
1226 593 1257 621 5.
1295 592 1517 632 παραγενομένης
1547 596 1598 628 τῆς

927 630 1043 667 ’πόλεως
1057 632 1105 663 ἔπι
1121 633 1233 668 ταύτας
1247 646 1304 668 τας
1319 637 1481 678 συμφοράς.
1495 639 1549 673 79,
1566 639 1597 667 8.

884 674 1026 704 συνδικεῖν.
1043 678 1098 711 74,
1110 686 1181 714 pen.

885 716 1070 747 συνεισελθειν
1084 718 1184 748 οἴκαδε.
1201 721 1275 755 119,
1290 730 1362 759 pen.

885 759 1092 801 συνεκτρέφειν]
1105 763 1316 812 συνεκτραφεὶς
1342 762 1427 804 [scil.
1449 764 1500 794 σὺν
1521 764 1598 804 ἐμοέ,

929 808 981 832 aut
997 814 1047 833 συν
1062 804 1140 844 ἡμῖν,
1155 804 1188 833 id
1204 809 1261 840 est,
1274 815 1402 841 mecum,
1414 810 1445 835 et
1461 817 1528 836 cum
1542 808 1601 836 sra-

929 846 1028 875 tribus
1041 849 1133 885 atque
1150 847 1308 877 sororibus
1323 848 1446 890 meis]’
1435 860 1461 878 εν
1476 850 1514 891 ’τῇ
1529 850 1601 890 ἦμε-

928 887 997 928 τέρᾳ
1011 887 1043 918 ἔκ
1058 888 1168 923 παιδός.
1185 890 1238 925 25,
1253 890 1284 920 5.

885 930 1029 972 συνέχειν]
1057 930 1172 973 συνέχει
1192 933 1334 972 μάλιστα
1349 933 1398 963 τὴν
1413 932 1503 965 πόλιν
1517 934 1601 975 ἕρκος.

929 974 962 1009 5,
978 976 1009 1004 5.

886 1015 1015 1056 συνήθης]
1037 1016 1232 1056 συνηθέστεροι
1253 1018 1298 1058 τῷ
1318 1016 1400 1056 γένει.
1418 1019 1602 1049 convenien-

930 1059 1008 1088 tiora
1030 1069 1100 1088 cum
1124 1061 1259 1091 moribus
1290 1066 1322 1091 et
1347 1061 1499 1102 exemplis
1523 1072 1601 1092 meae

932 1102 1042 1140 gentis.
1059 1105 1113 1138 88,
1128 1104 1160 1132 ¹7.

888 1143 1102 1185 συνίστασθαι]
1130 1145 1214 1175 coire
1229 1145 1260 1176 in
1278 1146 1456 1177 societatem
1471 1145 1605 1187 alicujus

931 1187 978 1216 rei
994 1189 1145 1225 gerendae.
1160 1190 1215 1224 66,
1225 1193 1257 1221 5.

888 1228 1011 1270 σύνοδος]
1036 1236 1202 1262 conventus
1217 1231 1393 1262 amicorum.
1410 1233 1463 1268 24,
1477 1234 1510 1263 3.

889 1274 1020 1302 συνοικεῖν
1034 1272 1072 1313 τῇ
1087 1273 1187 1304 ἑαυτοῦ
1203 1275 1322 1315 ἀδελφῇ.
1340 1277 1414 1310 1‘29,
1430 1278 1482 1306 13.

889 1316 1093 1354 συνταράττειν
1106 1315 1170 1346 δ’λην
1181 1319 1230 1348 τῆν
1245 1316 1337 1348 πόλιν.
1353 1320 1406 1353 33,
1421 1319 1474 1347 12.

890 1356 1062 1398 συντιθέναι]
1091 1359 1246 1389 machinas
1270 1365 1456 1395 construere,
1482 1359 1605 1389 fraudes

933 1400 1082 1430 adversus
1103 1401 1249 1441 aliquem,
1269 1412 1296 1432 e.
1312 1412 1339 1432 c.
1360 1412 1459 1440 reum,
1483 1412 1604 1442 compa-

933 1452 1013 1471 rare.
1030 1445 1062 1479 3,
1077 1445 1130 1473 14.

891 1483 1044 1524 συντρίβειν
1057 1486 1107 1516 τὴν
1119 1486 1206 1516 κλεῖν.
1219 1488 1273 1522 30,
1283 1490 1314 1516 1.

890 1527 1067 1568 συνωμότης.
1083 1531 1159 1563 112,
1177 1532 1229 1558 11.

890 1571 1036 1612 σφαγεὺς]
1068 1575 1235 1611 grassator,
1262 1571 1353 1608 latro,
1384 1571 1524 1603 sicarius.
1550 1574 1605 1607 37,

934 1613 991 1643 ult.

890 1653 1048 1696 σχέτλιος]
1072 1655 1085 1685 ὅ
1100 1655 1323 1697 σχετλιώτατος
1339 1656 1460 1687 πάντων.
1476 1657 1607 1688 scelera-

934 1698 1084 1728 tissimus.
1102 1701 1156 1734 62,
1172 1700 1204 1729 2.

890 1740 1007 1782 σχολῇ]
1024 1741 1121 1771 multo
1132 1741 1244 1771 minus.
1258 1743 1312 1777 44,
1328 1744 1359 1772 2.
1376 1742 1496 1779 51,11.
1511 1743 1609 1779 lente,

934 1793 991 1822 per
1006 1783 1114 1820 otium,
1130 1783 1272 1814 remisse.
1288 1786 1378 1820 85,3
1358 1797 1389 1814 0.

892 1826 999 1867 σῶμα]
1016 1825 1079 1857 ουτε
1095 1827 1145 1857 τοῦ
1157 1827 1308 1866 σώματος,
1322 1826 1385 1857 ου’τε
1399 1828 1456 1857 τῶν
1470 1827 1608 1868 ὑπαρχόν-

935 1880 991 1899 των
997 1867 1082 1922 .fluor
1103 1868 1273 1908 ἐφεισάμην.
1298 1871 1351 1906 80,
1374 1871 1428 1901 13.
1459 1870 1493 1901 τὸ
1516 1874 1608 1911 σῶμα

935 1911 1027 1942 αυτῶν
1041 1924 1084 1951 μη
1099 1911 1186 1942 α’ίτιόν
1201 1911 1278 1952 ἐστι,
1291 1916 1322 1942 et
1336 1911 1370 1942 τὸ
1383 1914 1474 1953 σῶμα
1490 1914 1609 1954 τυγχά-

936 1964 973 1984 νει
995 1954 1113 1985 ἀναίτιον
1134 1954 1171 1985 ὅν.
1194 1957 1247 1990 87,
1263 1956 1305 1985 13
1321 1959 1352 1985 et
1367 1958 1419 1985 14.
1444 1955 1546 1995 ατιμοι
1570 1956 1608 1991 εἷς

936 1997 971 2028 τὸ
990 2000 1092 2037 σῶμα.
1108 1999 1161 2032 36,
1178 2000 1210 2028 2.
1232 1998 1244 2028 ὅ
1263 1999 1338 2036 ἀγὼν
1352 1996 1379 2028 ἓν
1399 1996 1444 2037 τῷ
1465 1995 1528 2038 ἐμῷ
1551 1999 1608 2028 σώ-

936 2051 1015 2079 ματι
1030 2039 1222 2072 καθέστηκεν.
1249 2043 1302 2078 52,
1323 2042 1377 2072 19.
1403 2040 1453 2070 τοῦ
1469 2041 1608 2081 σώματος

937 2081 1132 2123 ταλαιπωρία.
1147 2085 1200 2119 84,
1216 2085 1247 2114 5.

895 2124 1035 2166 σωτηρία]
1060 2124 1230 2166 τραπόμενοι
1244 2125 1292 2155 οὐκ
1308 2123 1356 2154 ἐπὶ
1370 2123 1521 2165 τιμωρίαν,
1540 2124 1611 2155 ἀλλ’

938 2166 988 2198 ἐπὶ
1002 2166 1150 2208 σωτηρίαν.
1167 2170 1220 2205 69,
1237 2168 1291 2197 ult.
1311 2166 1381 2206 ἀξιῶ
1395 2169 1451 2201 τὰς
1465 2170 1520 2197 τῶν
1534 2166 1610 2207 ἐμῶν

939 2208 1071 2250 προγόνων
1092 2211 1196 2251 ἀρετὰς
1217 2209 1280 2251 ἐμοὶ
1304 2208 1442 2249 σωτηρίαν
1461 2209 1608 2248 γενέσθαι.

940 2253 1032 2283 saluti
1054 2252 1129 2283 mihi
1145 2254 1227 2289 fiant,
1243 2254 1373 2283 salutem
1393 2253 1467 2283 mihi
1491 2253 1610 2284 consci-

940 2300 1035 2325 scant.
1050 2296 1105 2331 71,
1121 2298 1153 2326 9.
1174 2295 1353 2335 μεταδιδόναι
1376 2295 1424 2326 και
1445 2297 1523 2337 ὑμας
1545 2295 1611 2337 ἐμοι

941 2350 992 2374 της
1004 2336 1152 2379 σωτηρίας.
1166 2341 1221 2376 71,
1237 2341 1288 2371 13.

1237 2472 1275 2497 Τ.

899 2549 1055 2591 τάλαντον]
1082 2549 1218 2580 τάλαντα
1244 2549 1379 2590 ἀργυρίου.
1406 2561 1461 2580 cur
1488 2551 1614 2591 ἀργυρίου

943 2592 1086 2622 additur?
1109 2603 1179 2624 num
1202 2593 1316 2623 talenta
1333 2593 1364 2622 in
1384 2603 1443 2622 aere
1465 2594 1556 2623 etiam
1579 2594 1609 2624 in

945 2645 1002 2664 usu
1030 2636 1136 2665 erant?
1159 2640 1189 2665 et
1215 2636 1268 2665 illa
1292 2635 1473 2674 simpliciter
1499 2637 1612 2666 talentu

944 2678 1195 2717 appellabantur?
1225 2683 1258 2707 ut
1286 2687 1412 2707 necesse
1440 2683 1534 2713 esset,
1560 2680 1613 2709 ubi

943 2721 1058 2750 talenta
1073 2721 1102 2750 in
1119 2725 1244 2758 argento
1260 2724 1310 2749 aut
1330 2719 1360 2749 in
1380 2730 1453 2750 auro
1468 2721 1613 2759 designa-

944 2770 1060 2798 rentur,
1071 2762 1195 2803 ἀργυρίου
1206 2767 1236 2792 et
1247 2763 1354 2802 χρυσοῦ
1367 2773 1514 2802 expresse
1527 2765 1614 2796 addi.

943 2815 1004 2834 non
1026 2806 1158 2836 videtur.
1184 2807 1237 2840 67,
1261 2807 1291 2835 5.
1320 2805 1506 2844 ἀνηνέγκαμεν
1526 2805 1612 2846 χίλια

945 2848 1079 2877 ταλάντα
1092 2848 1130 2881 εἷς
1145 2848 1194 2877 τῆν
1205 2846 1363 2886 ἀκρόπολιν.
1379 2849 1431 2883 92,
1445 2848 1499 2877 ult.
1514 2849 1614 2889 γήμας

944 2889 992 2920 ἐπὶ
1008 2889 1074 2920 δέκα
1091 2890 1250 2923 ταλάντοις.
1263 2892 1338 2925 117,
1356 2893 1408 2921 14.

900 2931 1031 2973 ταμίας]
1051 2932 1164 2971 ταμίαι·
1172 2944 1225 2966 της
1234 2931 1292 2962 Θεοῦ
1306 2931 1354 2962 και
1366 2935 1421 2963 τῶν
1431 2931 1528 2964 ἄλλων
1539 2931 1613 2963 Θεῶν.

946 2977 999 3010 36,
1017 2975 1072 3006 ult
1096 2986 1151 3005 των
1164 2985 1237 3014 ιερων
1250 2976 1420 3015 χρημάτων.
1437 2977 1488 3012 65,
1502 2977 1533 3006 5.

903 3018 1024 3049 τάσσειν
1053 3016 1099 3048 τὸν
1122 3016 1208 3058 φόρον.
1233 3020 1307 3054 116,
1331 3020 1361 3052 6.
1387 3018 1431 3049 δια
1458 3017 1501 3053 τὸ.
1516 3017 1616 3061 χιλίας
