1818 3189
288 203 368 246 196
762 200 795 242 1.
825 198 952 242 OTT.
984 198 1260 242 SLUITERl

283 314 499 350 commotus
520 308 608 347 sit.'‘
666 307 818 346 Morem
839 308 942 346 hunc
963 320 986 345 a
1013 307 1185 359 Pelasgis
1204 305 1389 357 originem
1415 306 1592 351 traxisse,
1621 305 1742 345 tradit

284 372 508 412 Herodotus
529 371 553 409 l.
575 371 629 408 ῙῙ.
651 384 685 408 c.
706 374 771 409 51.
800 371 877 409 Τοῦ
903 369 939 409 δὲ
965 371 1109 423 Ἑρμέω
1135 374 1181 409 τά
1215 370 1424 421 ἀγάλματα
1454 370 1545 420 ὀρθά
1573 367 1674 419 ’ἐχειν
1692 372 1740 408 τὰ

286 435 412 474 αἰδοῖα
436 438 641 478 ποιεῦντες,
676 434 739 471 οὒκ
767 435 828 471 ἀπ’
855 433 1080 482 Αἰγυπτίων
1112 432 1366 485 μεμαθήκασι,
1395 434 1483 470 ἀλλ’
1512 432 1586 470 ἀπὸ
1606 431 1743 475 [Iska-

285 503 404 545 σγῶν*
432 502 567 547 πρῶτοι
592 494 661 546 μὲν
680 494 882 540 Ἑλλήνων
902 495 1081 534 ἁπάντων
1105 494 1305 542 Ἀθηναῖοι
1324 492 1624 545 παραλαβόντες,
1640 496 1744 544 παρά

285 558 324 596 δὲ
353 560 489 596 τούτων
508 558 637 609 ᾥλλοι.
693 555 783 594 Vid.
805 556 853 594 ad
881 556 920 594 h.
943 557 970 594 l.
993 556 1284 608 Wesselingius.
1341 555 1483 603 Figura
1512 555 1745 592 Hermai-um

283 619 488 669 quadrata,
505 624 650 669 praeter
669 630 713 656 ea
734 631 824 669 quae
844 618 959 656 modo
979 632 1026 656 ex
1042 618 1220 656 Cornuto
1241 624 1280 656 et
1305 616 1518 655 Plutarcho
1546 615 1676 662 attuli,
1693 615 1747 655 ab

282 681 370 719 aliis
389 681 482 719 item
504 680 607 718 varie
632 679 861 730 explicatur.
920 681 1056 718 Festus
1074 694 1112 718 v.
1133 680 1333 731 Cyllenius
1362 680 1416 718 ita
1434 684 1614 717 vocatum
1633 676 1743 721 dicit

283 742 525 781 Mercurium
541 746 564 763 ‘⁴
576 742 681 792 quod
699 754 850 779 omnem
869 754 949 779 rem
964 755 1088 779 sermo
1101 742 1182 780 sine
1195 742 1372 780 manibus
1387 739 1585 787 conficiat,
1599 735 1743 790 quibus

283 805 461 856 partibus
482 804 656 854 corporis
678 804 744 852 qui
765 810 935 849 careant,
965 805 1123 846 κυλλοὺς
1143 804 1289 847 vocari,
1313 803 1482 853 ideoque
1512 800 1748 852 quadratum

283 880 370 905 eum
392 865 524 917 fingi.’'
582 864 810 902 Eustathius
832 863 1043 914 quadratos
1065 863 1158 914 fingi
1188 863 1282 901 dicit
1312 863 1494 908 Hermas,
1527 869 1610 901 tum
1637 861 1744 911 quod

281 927 529 981 philosophia
548 927 598 965 sit
613 925 910 977 quadripertita,
931 925 1042 976 cujus
1065 932 1203 963 auctor
1221 931 1259 963 et
1279 937 1425 976 praeses
1446 923 1495 961 sit
1510 922 1748 969 Mercurius,

281 998 364 1029 tum
384 996 547 1041 propter
565 989 727 1026 multam
747 987 833 1038 ejus
855 994 1087 1039 potestatem
1117 994 1156 1025 et
1183 986 1313 1025 officia
1333 986 1498 1032 diversa,
1526 984 1747 1023 Comment.

282 1052 332 1090 ad
355 1052 403 1089 Il.
423 1052 468 1090 Ω.
491 1064 531 1101 p.
552 1054 673 1090 1353.
695 1063 730 1087 ν.
751 1054 791 1088 2.
849 1048 965 1088 Conf.
988 1050 1033 1088 L.
1055 1051 1109 1087 G.
1136 1049 1338 1100 Gyraldus
1361 1048 1465 1087 Hist.
1485 1048 1605 1085 Deor.
1633 1046 1748 1098 Synt.

283 1113 358 1151 IX.
377 1126 416 1164 p.
437 1116 530 1150 301.
552 1112 605 1150 D.
662 1111 863 1149 veriorem
890 1111 1078 1150 rationem
1111 1124 1158 1148 ex
1179 1110 1398 1149 Themistio
1426 1108 1577 1160 profert
1598 1107 1749 1157 Duker.

281 1174 332 1212 ad
352 1173 535 1227 Thucyd.
555 1173 579 1211 l.
602 1187 638 1211 c.
660 1172 764 1222 quod
786 1173 876 1210 olim
898 1185 1031 1210 omnes
1052 1180 1190 1211 statuae
1222 1173 1322 1211 hanc
1341 1172 1507 1211 formam
1526 1169 1747 1210 habuerint.

280 1236 371 1274 Fuit
399 1241 528 1274 autem
558 1235 633 1272 hoc
653 1235 855 1285 proprium
882 1248 965 1287 prae
995 1234 1148 1272 caeteris
1175 1233 1489 1280 Atheniensium,
1520 1230 1627 1283 quod
1656 1244 1749 1270 cum

278 1297 508 1351 intelligitur
527 1310 574 1334 ex
591 1296 773 1348 Thucyd.
794 1296 820 1334 l.
841 1310 876 1334 c.
904 1298 976 1335 εἰσὶ
1005 1295 1042 1334 δὲ
1070 1299 1164 1334 κατὰ
1189 1296 1230 1334 τὸ
1251 1297 1454 1350 ἐπιχώριον
1472 1298 1495 1342 ἡ
1514 1293 1749 1346 τετράγωνος

279 1359 468 1412 ἐργασίαι
503 1364 586 1396 tum
615 1360 868 1397 confirmatur
888 1371 935 1396 ex
954 1358 1147 1397 Pausania
1168 1360 1251 1396 Att.
1271 1370 1309 1408 p.
1330 1361 1396 1396 56.
1423 1363 1560 1408 πρῶτοι
1577 1353 1747 1407 μὲνγὰρ

276 1423 447 1469 Ἀθηνᾶν
466 1422 716 1473 ἐπωνόμασαν
736 1421 917 1474 ἐργάνην,
938 1428 1075 1472 πρῶτοι
1095 1421 1122 1458 δ’
1143 1422 1311 1464 ἀκώλους
1332 1420 1491 1472 Ἑρμᾶς·
1513 1419 1687 1457 Messen.
1707 1429 1747 1469 p.

280 1488 373 1524 361.
430 1485 642 1530 Ἀθηναίων
662 1486 737 1533 γάρ
758 1483 799 1521 τὸ
820 1492 954 1534 σχῆμα
972 1483 1013 1522 τὸ
1033 1482 1266 1534 τετράγωνόν
1284 1483 1385 1522 ἐστιν
1403 1483 1464 1520 ἐπὶ
1482 1481 1750 1532 roIg‘Eppa‘t'g,

279 1549 340 1584 καὶ
373 1548 477 1597 παρὰ
507 1546 644 1584 τούτων
676 1547 934 1598 μεμαθήκασιν
966 1546 1001 1584 οἱ
1032 1546 1158 1584 ἄλλοι.
1226 1546 1370 1584 Narrat
1404 1550 1536 1583 autem
1566 1542 1749 1582 Clemens

279 1609 391 1648 Alex.
406 1609 603 1659 Protrept.
619 1622 659 1659 p.
674 1612 742 1649 47.
764 1622 814 1646 ex
829 1621 953 1658 eoque
969 1607 1169 1646 Arnobius
1186 1608 1273 1647 adv.
1292 1609 1443 1646 Gentes
1463 1608 1490 1645 l.
1509 1605 1580 1644 VI.
1600 1618 1642 1656 p.
1653 1608 1748 1643 198.

280 1671 498 1722 sculptores
518 1670 739 1709 Alcibiadis
761 1671 934 1722 aequales
964 1671 1195 1709 Hermarum
1228 1683 1385 1708 suorum
1418 1668 1542 1708 facies
1569 1681 1618 1706 ex
1641 1666 1748 1715 illius

277 1734 390 1772 vultu
408 1733 658 1784 expressisse.
717 1733 863 1771 Similis
889 1734 1047 1772 Hermae
1076 1738 1310 1784 τετραγώνου
1342 1737 1427 1770 erat
1455 1731 1579 1770 forma
1608 1742 1747 1768 manu-

278 1796 365 1836 brio
384 1796 642 1842 instrumenti,
674 1795 740 1833 cui
769 1801 933 1847 stuppas
954 1795 1325 1842 circumvolvebant,
1347 1794 1532 1846 quodque
1552 1795 1671 1844 γέρων
1688 1791 1749 1830 di·
1792 1813 1797 1819 ·

278 1858 458 1906 cebatur,
486 1859 536 1896 de
556 1872 634 1907 quo
656 1858 733 1897 vid.
759 1859 894 1896 Pollux
917 1859 1063 1896 Onom.
1093 1859 1117 1897 l.
1139 1859 1232 1897 VII.
1252 1872 1284 1897 ε.
1304 1863 1370 1900 73.
1427 1856 1621 1908 Imagines
1647 1868 1745 1900 non-

277 1921 401 1959 nullas
431 1921 663 1959 Hermarum
684 1920 934 1969 antiquorum
957 1920 1087 1958 videre
1119 1920 1213 1959 licet
1234 1920 1340 1972 apud
1368 1919 1559 1971 Sponium
1577 1917 1748 1957 Miscell.

277 1981 399 2031 Erud.
419 1983 557 2032 Antiq.
580 1997 619 2034 p.
639 1988 677 2023 9.
700 1990 739 2022 et
760 1988 824 2022 10.
845 1983 911 2022 ubi
932 1983 1038 2021 conf.
1061 1997 1148 2032 quae
1167 1985 1318 2022 notavit
1337 1983 1386 2021 V.
1409 1982 1462 2022 D.

326 2044 531 2095 Ejusmodi
551 2045 669 2096 igitur
689 2046 847 2083 Hermae
877 2046 1066 2084 innumeri
1084 2045 1165 2084 fere
1189 2045 1356 2084 Athenis
1377 2043 1738 2095 conspiciebantur,

277 2119 443 2156 quorum
462 2108 606 2158 partim
639 2106 679 2145 in
706 2107 944 2159 privatorum
965 2107 1087 2158 atriis,
1109 2108 1248 2158 partim
1279 2106 1439 2158 publice
1468 2111 1580 2144 erant
1608 2117 1746 2143 conse-

277 2169 399 2208 crati:
439 2181 475 2207 v.
505 2169 687 2220 Thucyd.
722 2169 747 2207 l.
778 2183 830 2216 c.,
861 2169 980 2207 Diod.
1011 2169 1090 2207 Sic.
1121 2169 1145 2206 l.
1176 2168 1294 2205 XIII.
1325 2181 1359 2205 c.
1389 2173 1444 2213 2.,
1474 2165 1675 2205 Plutarch.
1704 2164 1744 2203 in

277 2230 410 2268 Alcib.
431 2243 474 2281 p.
492 2233 585 2268 200.
606 2230 653 2269 C.
711 2231 767 2268 Ut
786 2230 836 2268 ab
855 2243 988 2268 eorum
1021 2229 1270 2268 multitudine
1303 2228 1483 2280 porticus
1504 2226 1688 2279 quaedam
1706 2225 1748 2264 in

277 2291 365 2330 foro
385 2304 527 2330 nomen
548 2299 621 2330 τῶν
637 2293 800 2343 Ἑρμῶν,
822 2292 881 2329 vel
909 2292 1057 2343 Ἑρμῶν
1079 2298 1189 2335 στοᾶς
1208 2290 1418 2341 acceperit,
1439 2289 1553 2339 cujus
1569 2286 1750 2335 'meminit

278 2352 416 2404 Lysias
436 2354 475 2391 in
495 2354 706 2392 Pancleon.
726 2367 765 2405 p.
786 2357 880 2393 166.
899 2368 935 2392 v.
956 2357 1035 2402 36„
1055 2353 1279 2404 Xenophon
1298 2352 1516 2404 Hipparch.
1537 2365 1573 2390 c.
1586 2354 1623 2389 3.
1645 2354 1680 2400 ξ.
1721 2376 1748 2396 .,

278 2414 485 2452 AEschines
505 2414 593 2453 adv.
612 2415 790 2466 ctesiph.
811 2428 849 2466 p.
871 2419 936 2454 80.
959 2429 994 2453 v.
1011 2420 1049 2454 5.
1084 2405 1087 2408 Δ
1109 2416 1170 2454 De
1187 2416 1260 2453 hac
1281 2414 1435 2465 porticu
1456 2411 1746 2464 Harpocration

277 2489 314 2514 v.
344 2476 480 2528 Ἑρμαῖ
499 2489 546 2513 ex
569 2477 780 2515 Callisti-ati
803 2490 920 2528 opere
952 2480 1036 2528 περὶ
1062 2479 1233 2524 Ἀθηνῶν
1264 2477 1367 2514 hunc
1388 2467 1517 2514 locum
1538 2472 1747 2524 excerpsit.

275 2537 372 2576 Ἀπὸ
392 2540 465 2590 γὰρ
485 2545 550 2583 τῆς
575 2542 761 2585 ποικίλης,
793 2541 853 2576 καὶ
885 2546 949 2585 τῆς
977 2544 1042 2577 τοῦ
1068 2537 1263 2587 βασιλέως
1283 2542 1410 2585 στοᾶς,
1431 2537 1524 2576 εἰσὶν
1548 2536 1582 2574 οἱ
1607 2535 1747 2585 Ἑρμαῖ

276 2602 513 2650 καλούμενοι·
534 2599 592 2637 διὰ
614 2602 691 2649 γάρ
713 2600 753 2638 τὸ
771 2600 935 2644 πολλοὺς
955 2603 1096 2639 κεῖσθαι
1110 2602 1169 2638 καὶ
1188 2600 1258 2638 ὑπὸ
1279 2599 1446 2647 ἰδιωτῶν,
1467 2600 1528 2637 καὶ
1538 2598 1747 2650 ἀρχόντων,

277 2664 416 2708 ταύτην
445 2663 634 2713 εἰληφέναι
655 2664 722 2706 τὴν
741 2663 997 2713 προσηγορίαν
1019 2660 1267 2714 συμβέβηκεν·
1290 2662 1342 2713 ἐφ’
1369 2661 1450 2705 ἑνὸς
1471 2659 1507 2700 δὲ
1529 2663 1651 2699 αὑτῶν
1669 2659 1749 2697 ε’πι-

279 2725 493 2771 γέγραπται
515 2725 738 2773 γράμμασιν
759 2724 949 2774 ἀρχαίοις·

533 2817 638 2855 ’Avi-²
657 2818 868 2868 εὐεργεσίης
889 2817 1160 2869 Ἀγαμέμνονα
1182 2816 1300 2861 ἒῆσαν
1317 2819 1485 2867 Ἀχαιοί.

275 2910 386 2948 addit
403 2911 705 2962 Harpocration,
726 2911 780 2950 ὄτι
807 2911 843 2950 ἒέ
864 2914 924 2949 καὶ
942 2912 1100 2963 Θρᾳκῶν
1121 2914 1212 2951 στοά
1231 2929 1285 2955 τις
1305 2914 1470 2960 ἐλέγετο,
1488 2910 1663 2961 ἕεόᾗλωκε
1683 2911 1743 2948 καὶ

271 2968 457 3022 Ἀντιφῶν
485 2973 525 3011 ἐν
551 2976 599 3024 τῷ
619 2973 711 3023 πρὸς
732 2974 930 3012 Νικοκλέα.
990 2974 1095 3018 Quid
1122 2974 1195 3012 llnc
1225 2974 1340 3012 faciat
1363 2973 1525 3021 «Θρᾳκῶν
1556 2974 1663 3018 στοὰ,
1694 2972 1744 3010 de
