1818 3189
213 163 343 205 xxxiv
576 158 936 203 RUHNKENII
973 160 1124 202 HIST.
1157 160 1311 201 CRIT.

215 277 274 313 vel
295 276 446 320 librum,
464 281 505 312 ut
527 274 721 312 Meursius
738 273 785 311 ad
807 274 992 324 Apollon.
1012 273 1134 325 Dysc.
1157 273 1306 310 Histor.
1331 270 1471 308 Mirab.
1495 277 1613 320 p.99.
1635 275 1675 308 et

214 336 375 374 Vossius
395 336 443 373 de
464 336 562 373 Hist.
588 336 659 372 Gr.
687 336 716 372 Ι.
735 341 772 375 7.
830 335 1059 372 Scholiastae
1090 335 1199 372 locus
1226 334 1287 370 hic
1321 338 1404 370 est:
1437 329 1603 378 Κύρβεις
1623 353 1676 359 -—

217 398 291 435 ἀπὸ
314 405 386 435 τῶν
406 395 675 446 Κορυβάντων.
694 397 843 434 ἐκείνων
875 400 947 447 γὰρ
969 396 1123 447 εὕρημα,
1146 398 1194 437 ὥς
1216 403 1304 446 φησι
1323 393 1546 443 Θεόπομπος
1571 393 1611 430 ἐν
1629 396 1677 443 τῷ

217 461 295 506 περὶ
314 456 518 504 εὐσεβείας.
578 459 706 500 Quem
728 458 855 496 locum
877 458 924 495 ad
957 458 1116 495 verbum
1146 455 1355 506 descripsit
1374 455 1543 491 Tzetzes
1574 453 1677 491 Chil.

218 521 313 558 XII.
333 525 425 557 406.
481 519 626 557 Verum
653 533 766 557 nemo
795 520 963 565 dubitet,
994 519 1086 570 quin
1115 518 1350 556 Scholiastes
1379 515 1600 566 scripserit:
1631 517 1679 557 ὤς

219 590 330 633 φησιν
357 582 597 632 Θεόφραστος
627 581 669 619 ἐν
699 584 745 632 τῷ
781 582 861 631 περὶ
892 580 1098 628 εὐσεβείας.
1155 580 1263 617 Inter
1278 577 1594 626 Theophrasteos
1615 575 1679 613 llic

219 643 318 679 liber
348 648 574 680 recensetur
603 655 625 679 a
659 642 834 691 Diogene
870 643 1000 680 Laert.
1035 642 1082 679 V.
1105 646 1171 679 50.
1229 639 1549 677 Emendationem
1588 649 1679 674 vero

219 703 334 752 plane
366 702 597 741 confirmant
627 703 868 754 Porphyrius
897 710 935 741 et
968 702 1143 748 Photius,
1172 702 1235 739 illa
1267 701 1350 751 ipsa
1378 699 1510 744 verba,
1539 698 1680 748 quibus

219 762 388 813 Κύρβεις
407 777 429 801 a
446 764 736 813 Corybantibus
756 778 895 802 nomen
916 764 1107 801 invenisse
1124 763 1320 807 dicuntur,
1342 775 1389 798 ex
1407 760 1681 810 Theophrasto

222 824 440 863 afferentes.
497 825 609 863 Alter
630 825 679 863 de
700 826 814 863 Abst.
837 827 966 863 Anim.
984 825 1037 862 II.
1058 829 1123 862 21.
1143 824 1397 874 Μαρτυρεῑται
1429 821 1468 859 δὲ
1501 817 1620 859 ταῦτα
1639 824 1682 859 οὒ

220 889 337 935 μόνον
355 887 426 923 ὑπὸ
445 893 519 924 τῶν
539 886 714 934 κύρβεων,
746 888 785 924 αἳ
819 893 890 924 τῶν
920 885 1118 935 Κρήτηθεν
1149 885 1221 922 εἰσὶ
1255 883 1546 934 Κορυβαντικῶν
1579 882 1682 934 ἱερῶν

222 946 302 985 οἷον
333 949 549 998 ἀντίγραφα
581 951 664 986 τινὰ
695 948 788 999 πρὸς
827 946 1023 992 ἀλήθειαν.
1088 946 1152 983 Sic
1189 946 1253 982 ille
1293 945 1402 982 locus
1441 943 1683 982 scribendus.

222 1008 335 1044 Alter
355 1008 448 1045 Lex.
469 1009 555 1046 MS.
613 1007 793 1059 Κύρβεις.
807 1031 862 1036 —-
876 1011 1114 1060 Θεόφραστος
1134 1007 1186 1052 δὲ,
1207 1006 1280 1044 ἀπὸ
1306 1012 1378 1044 τῶν
1396 1005 1587 1054 Κρητικῶν
1605 1005 1682 1042 Ko-

222 1066 433 1118 ρυβάντων·
455 1076 527 1107 τῶν
547 1071 620 1120 γὰρ
641 1068 934 1119 Κορυβαντικῶν
959 1070 1063 1115 ἱερῶν
1083 1067 1162 1106 οἷον
1180 1070 1398 1118 ἀντίγραφα
1418 1065 1551 1108 αὐτοὺς
1571 1063 1683 1103 εἶναι.

226 1129 284 1166 Ex
317 1129 452 1167 eodem
481 1130 740 1180 Theophrasti
768 1131 867 1167 libro
894 1130 1055 1167 ductum
1087 1136 1158 1174 est,
1180 1129 1285 1179 quod
1309 1127 1548 1178 Porphyrius
1567 1127 1686 1164 habet

226 1189 280 1226 11.
303 1193 365 1228 16.
387 1190 450 1227 ubi
470 1203 598 1240 parem
621 1191 862 1229 librariorum
897 1203 1064 1229 errorem
1094 1189 1436 1240 deprehendimus,
1492 1188 1596 1226 Nam
1615 1201 1685 1237 pro

135 1254 210 1289 164
227 1251 446 1301 θεόπομπος
476 1252 664 1299 ἱστόρηκεν
697 1252 903 1302 legendum
933 1251 1174 1303 Θεόφραστος
1205 1250 1407 1300 ἱστόρηκεν.
1465 1249 1526 1286 De
1557 1249 1686 1286 Theo-

224 1324 372 1362 pompo
395 1313 468 1350 hoc
485 1313 598 1350 etiam
620 1321 751 1351 narrat
771 1313 935 1351 Suidas:
969 1316 1137 1361 γεγονὼς
1157 1334 1208 1340 —
1228 1312 1286 1349 ὅτε
1309 1314 1368 1348 καὶ
1383 1311 1563 1363 ’Ἑφορος,
1591 1309 1687 1347 Ἰσο-

227 1373 380 1421 κράτους
401 1376 592 1419 ἁκουστής.
626 1377 704 1425 ἅμα
723 1375 861 1426 Ἐφόρῳ
889 1373 1056 1425 ἔγραψεν
1083 1375 1261 1424 ἐπιτομὴν
1281 1380 1353 1411 τῶν
1370 1372 1571 1423 “Ηροὲότον
1591 1371 1689 1409 ἱστο-

226 1441 315 1485 ριῶν
343 1436 382 1472 ἐν
413 1434 585 1483 βιβλίοις
618 1436 669 1483 β’.
725 1437 816 1473 Non
847 1435 989 1485 injuria
1022 1435 1163 1473 Vossio
1195 1436 1218 1472 l.
1239 1449 1273 1473 c.
1302 1435 1439 1471 mirum
1473 1433 1691 1477 videbatur,

228 1494 326 1532 duos
348 1509 515 1534 summos
534 1497 636 1534 viros
655 1497 816 1534 tantillae
845 1498 900 1534 rei
932 1497 1044 1534 simul
1065 1509 1220 1546 operam
1243 1495 1412 1533 dedisse.
1469 1494 1543 1532 Sed
1574 1506 1691 1543 prava

228 1556 505 1607 interpunctio,
527 1572 616 1607 quae
637 1559 751 1596 etiam
773 1559 811 1595 in
833 1558 1069 1596 Kusteriana
1097 1558 1266 1595 editione
1296 1562 1445 1593 servata
1473 1561 1544 1601 est,
1566 1555 1689 1593 virum

227 1619 421 1667 egregium
459 1619 609 1658 fefellit.
667 1620 790 1657 Recte
829 1610 1022 1657 Meursius
1060 1619 1085 1656 l.
1109 1632 1143 1656 c.
1183 1617 1533 1668 interpungendum
1568 1617 1690 1655 vidit:

226 1682 455 1727 ’γεγονὼς-
469 1680 528 1718 ὅτε
544 1681 788 1732 καὶ”Εφορος,
803 1680 1033 1731 Ἰσοκράτους
1053 1683 1238 1725 α’κουστὴς
1260 1681 1341 1730 ἅμα
1359 1680 1509 1731 Ἐφόρῳ.
1525 1678 1692 1730 ἔγραψεν

225 1745 304 1777 etc.
360 1740 608 1791 Theopompi
637 1742 843 1791 Epitomen
871 1741 1077 1786 Herodoti,
1108 1748 1251 1791 praeter
1278 1740 1463 1778 Photium
1486 1741 1577 1777 Lex.
1599 1741 1691 1779 MS.

228 1805 267 1836 et
288 1800 443 1838 Suidam
467 1815 500 1839 v.
521 1801 732 1846 Σπουέάζω,
765 1802 896 1840 laudat
927 1803 1218 1840 Grammaticus
1239 1801 1581 1851 Sangermanensis
1603 1802 1691 1839 MS.

225 1859 447 1907 Ἀναβῆναι
467 1865 533 1907 τὴν
552 1862 682 1908 ἵππον,
702 1865 785 1901 ἀντὶ
803 1869 866 1901 τοῦ
885 1862 1076 1911 ἐπιβῆναι.
1135 1864 1357 1912 Θεόπομπος
1377 1864 1418 1900 ἑν
1441 1863 1600 1914 ἐπιτόμω
1619 1869 1693 1900 τῶν

226 1920 439 1972 Ἡροδότου.
462 1924 528 1961 ubi
551 1924 743 1962 Herodoti
767 1924 883 1962 verba
902 1938 923 1962 a
944 1925 1204 1974 Theopompo
1226 1930 1374 1960 servata
1394 1923 1566 1961 ostendit
1586 1923 1691 1960 Pier-

227 1995 343 2020 sonus
365 1984 412 2021 ad
430 1985 588 2023 Moerid.
608 1986 728 2023 Attic.
750 1999 788 2036 p.
808 1991 847 2024 4.
878 1986 988 2023 Idem
1008 1986 1318 2024 Grammaticus:
1350 1983 1554 2032 Κακόβιος.
1600 1985 1692 2024 Θεό-

228 2061 380 2096 πομπος
395 2046 434 2084 ἐν
455 2052 498 2101 τῇ
515 2048 669 2099 ἐπιτομῇ
689 2048 906 2099 Ἡροδότου.
932 2055 993 2086 et:
1022 2048 1269 2096 Φυγαέεῦσαι.
1290 2048 1330 2086 τὸ
1362 2047 1512 2100 φυγάδα
1543 2048 1694 2086 ἐλάσαι.

230 2109 455 2159 Θεόπομπος
490 2110 648 2161 ἐπιτόμῳ
681 2116 753 2147 τῶν
769 2109 987 2160 Ἡροδότου.
1044 2110 1143 2153 Quae
1174 2110 1263 2147 loca
1296 2110 1372 2147 huc
1403 2109 1617 2155 retulimus,
1650 2117 1694 2161 ut

230 2167 472 2216 doceremus,
507 2171 702 2217 Vossium,
724 2171 790 2219 qui
827 2171 926 2208 hanc
964 2170 1167 2220 Epitomeh
1195 2170 1342 2220 juniori
1371 2169 1527 2208 cuidam
1561 2171 1690 2209 Theo-

230 2242 376 2279 pompo
398 2231 545 2276 tribuit,
568 2231 795 2281 conjectura
822 2232 1012 2269 aberrare.
1070 2231 1170 2268 Nam
1203 2231 1492 2269 Grammaticus
1518 2230 1582 2268 ille
1613 2244 1689 2269 non

229 2291 301 2328 nisi
316 2293 612 2339 vetustissimos,
629 2301 667 2332 et
687 2295 888 2341 classicos,
911 2307 1009 2344 quos
1029 2307 1224 2341 vocamuS,
1248 2294 1457 2344 scriptores
1479 2293 1625 2339 laudat,
1646 2299 1690 2331 ut

231 2367 362 2391 eorum
384 2357 613 2394 auctoritate
640 2357 812 2395 vindicet
831 2370 947 2395 voces
966 2364 1004 2395 et
1020 2357 1205 2408 loquendi
1239 2356 1435 2402 formulas,
1467 2369 1563 2406 quas
1583 2356 1687 2394 Atti-

228 2415 337 2453 cistae
356 2424 498 2454 temere
518 2417 778 2456 damnassent.

285 2477 431 2515 XLVI.
474 2481 799 2527 GLAUOEPPUS,
833 2481 1048 2531 Hyperidis
1086 2479 1201 2525 filius,
1241 2480 1361 2530 patris
1395 2480 1575 2529 exemplo
1609 2481 1689 2517 elo-

231 2539 401 2588 quentiae
432 2540 600 2577 studium
632 2547 787 2579 secutus
815 2548 887 2588 est,
918 2549 957 2580 et
977 2541 1174 2579 orationes
1192 2541 1361 2591 scripsit.
1421 2541 1690 2580 Pseudo-Plu-

232 2599 355 2637 tarch.
389 2612 427 2649 p.
456 2604 548 2638 848.
583 2601 634 2638 D.
673 2607 712 2638 et
740 2602 901 2640 Photius
933 2615 970 2652 p.
991 2606 1111 2641 1480.
1169 2601 1265 2651 Ejus
1299 2602 1512 2640 orationem
1551 2609 1691 2640 contra

233 2659 463 2697 Photionem
487 2660 618 2698 laudat
637 2661 865 2699 Plutarchus
885 2663 1007 2700 Phoc.
1030 2676 1070 2713 p.
1090 2666 1181 2703 743.
1202 2663 1250 2700 C.

286 2722 454 2759 XLVII.
486 2724 672 2768 AGNON‚
705 2723 762 2761 vel
795 2726 1093 2762 AGNONtnEs.
1151 2725 1229 2762 Hic
1262 2737 1349 2762 cum
1375 2724 1690 2775 Theophrastum

233 2780 442 2830 impietatis
478 2795 585 2821 reum
619 2796 732 2834 agere
765 2792 866 2822 esset
895 2798 1022 2831 ausus,
1053 2798 1184 2836 parum
1213 2785 1352 2831 abfuit,
1381 2787 1474 2836 quin
1501 2787 1586 2837 ipse
1615 2786 1690 2824 hoc

234 2841 393 2879 crimine
426 2843 694 2894 conflagraret.
755 2844 925 2895 Diogen.
959 2847 1089 2884 Laert.
1119 2847 1166 2883 V.
1189 2851 1254 2888 37.
1310 2847 1474 2885 Athenis
1503 2847 1639 2897 pulsus
1668 2859 1691 2885 a

236 2902 535 2952 Macedonibus,
556 2912 643 2955 post
665 2906 714 2945 ab
737 2907 961 2956 Antipatro,
983 2907 1193 2947 Phocionis
1212 2909 1406 2959 precibus,
1427 2909 1593 2948 reditum
1621 2908 1689 2946 im-
