1818 3189
268 205 350 249 198
744 201 781 245 I.
813 201 943 245 OTT.
971 199 1250 245 SLUITERI

257 311 407 363 Ἑρμῆς.
428 308 635 364 Φιλόχορος
654 307 695 347 ἐν’
714 311 763 362 τῷ
777 310 928 361 πέμπτῳ
945 308 1134 357 Ἀτθίδος,
1147 310 1236 362 φησὶ
1253 308 1336 360 περὶ
1354 311 1418 346 τοῦ
1432 306 1526 359 πρὸς
1539 310 1583 363 τῇ
1597 307 1722 347 πυλίδι

259 373 410 424 Ἑρμοῦ·
441 374 492 414 ὡς
520 370 719 422 ἀρξάμενοι
742 372 911 423 τειχίζειν
924 370 989 410 τὸν
1003 371 1167 423 Πειραιᾶ
1187 370 1221 409 οἶ
1239 370 1351 409 ἐννέα
1373 369 1566 421 ἄρχοντες,
1591 377 1722 408 τοῦτον

265 432 485 480 ἀναθέντες,
507 432 744 484 ἐπέγραψαν·

531 524 754 577 Ἀρξὰμενοι
771 533 907 579 πρῶτοι
926 528 1102 578 τειχίζειν
1121 525 1217 565 τόνδ’
1235 527 1432 573 ἀνέθηκαν,

586 588 734 634 Βουλῆς
752 590 813 626 καὶ
831 588 944 640 δῆμου
963 588 1130 639 δόγμασι
1147 587 1374 640 πειθόμενοι.

267 695 385 733 quam
403 688 536 721 notam
555 682 765 735 descripsit
798 684 939 722 Suidas
968 684 1057 722 eod.
1087 684 1165 722 Tit.
1196 683 1310 734 cujus
1333 681 1525 733 scriptura
1545 681 1593 720 ad
1624 680 1726 720 Har-

269 745 509 797 pocrationis
529 759 703 784 normam
724 745 878 784 videtur
898 745 1101 796 exigenda.

318 807 461 858 Ἐρμῆς
479 806 716 859 Ψιὲυριστὴς
733 807 814 846 sive
836 807 1004 846 Susurro
1029 807 1129 846 inter
1154 808 1225 845 hos
1246 807 1362 845 etiam
1380 805 1534 843 videtur
1557 805 1728 844 referen-

267 868 367 908 dus:
397 870 542 908 mentio
563 869 665 907 iliius
685 875 744 908 est
762 869 867 921 apud
887 869 1093 908 Demosth.
1117 869 1156 907 in
1176 869 1308 908 Neaer.
1327 881 1368 919 p.
1389 871 1504 906 1358.
1525 871 1564 908 ¹7.
1581 867 1644 906 ed.
1666 867 1729 913 R„

267 931 504 982 Harpocrat.
515 938 554 969 et
569 930 727 969 Suidam
741 945 778 970 v.
790 930 1024 983 Ψιθυριστὴς
1037 932 1192 983 Ἑρμῆς.
1227 930 1316 969 Fuit
1328 930 1411 968 haec
1426 927 1589 967 fortasse
1602 934 1730 967 statua

269 993 494 1038 elaborata3
525 998 629 1031 certe
658 992 846 1044 insignem
874 993 1068 1043 quendam
1101 992 1220 1031 fuisse
1241 992 1425 1037 Hermen,
1446 991 1538 1030 inde
1564 997 1622 1029 est
1648 1003 1730 1029 ma-

267 1054 467 1101 nifestum,
488 1054 593 1104 quod
610 1054 895 1094 Demosthenes
912 1054 1068 1093 domum
1087 1055 1139 1093 ab
1152 1068 1200 1093 eo
1219 1053 1410 1104 designat.
1457 1052 1572 1091 Conf.
1588 1052 1638 1091 de
1654 1053 1731 1091 hoc

271 1116 472 1155 Mercurio
493 1116 698 1168 ψιθυριστῇ
715 1117 776 1155 vel
801 1116 944 1170 φιὲὖρῳ
966 1117 1009 1156 L.
1031 1117 1083 1156 G.
1103 1116 1302 1169 Gyraldus
1322 1115 1426 1154 Hist.
1447 1114 1500 1154 D.
1522 1115 1634 1167 Synt.
1655 1114 1730 1152 IX.

269 1189 311 1229 p.
334 1181 427 1219 307.
448 1178 510 1225 E„
530 1179 678 1217 Meurs.
699 1179 782 1217 Att.
804 1178 913 1217 Lect.
935 1179 962 1216 1.
982 1179 1050 1216 IV.
1072 1192 1108 1217 c.
1129 1181 1194 1216 12.

324 1239 462 1291 Ἑρμοῦ
480 1240 698 1290 Ἀγοραίου,
717 1246 762 1278 ut
778 1240 875 1278 lucri
894 1245 934 1278 et
963 1245 1190 1278 mercaturae
1208 1237 1404 1290 praesidis,
1422 1237 1460 1275 in
1478 1237 1621 1276 Poecile
1641 1250 1732 1288 por-

272 1300 354 1340 ticu
375 1300 522 1339 affabre
540 1301 646 1340 facta
661 1315 707 1339 ex
725 1315 800 1339 aere
814 1307 941 1340 statua
960 1307 1042 1339 erat
1057 1306 1300 1346 consecrata,
1321 1312 1437 1348 quam
1453 1299 1626 1337 statuarii
1645 1299 1733 1349 pice

269 1371 310 1402 et
329 1376 420 1402 cera
438 1364 617 1402 solebant
637 1364 867 1415 exprimere.
904 1363 1100 1401 Lucianus
1115 1363 1153 1400 in
1171 1363 1266 1400 Jove
1281 1360 1476 1412 Tragoedo
1494 1373 1527 1399 o.
1545 1364 1612 1398 33.
1632 1363 1735 1399 ἀλλὰ

269 1428 327 1469 τίς
346 1427 365 1463 ὁ
380 1425 520 1480 σπουδῇ
539 1429 702 1478 προσιὼν
720 1424 822 1468 οὗτός
843 1425 958 1471 ἐστιν,
979 1427 998 1463 ὁ
1017 1428 1199 1477 χαλκοῦς,
1221 1425 1240 1461 ὃ
1259 1425 1487 1475 εὔγραμμος,
1503 1424 1522 1461 ὁ
1539 1424 1735 1474 εὐεπίγρα-

274 1496 358 1540 φος,
378 1489 398 1526 ὃ
417 1490 580 1539 α’ρχαῖος
599 1490 666 1533 τὴν
685 1486 864 1525 α’νάἓεσιν
889 1495 955 1533 τῆς
978 1488 1113 1538 κόμης;
1143 1488 1298 1536 μᾶλλον
1318 1484 1358 1523 δὲ
1389 1486 1408 1522 ὁ
1437 1484 1516 1530 σὸς,
1549 1479 1577 1521 ὦ
1605 1484 1735 1535 Ἑρμῆ,

273 1548 433 1602 ἀδελφός
451 1550 567 1596 ἐστιν,
589 1551 608 1587 ὁ
624 1541 822 1600 ἀγοραῖος,
851 1549 870 1586 ὁ
897 1551 998 1600 παρά
1019 1552 1086 1596 τὴν
1104 1547 1302 1594 Ποικίλην·
1322 1549 1455 1593 πίττης
1483 1550 1578 1595 γοῦν
1595 1547 1735 1584 ‹iva-trs&

273 1613 452 1658 πλησται,
471 1612 651 1663 ὁσημέραι
669 1611 937 1662 ἐκματτόμενος
956 1611 1027 1649 ὑπὸ
1052 1617 1126 1651 τῶν
1145 1609 1477 1659 ἀνδριαντοποιῶν.
1532 1606 1737 1646 Inducitur

272 1673 406 1725 paullo
421 1679 510 1725 post
530 1672 750 1711 Mercurius
769 1672 823 1710 ita
842 1672 1028 1724 loquens:

592 1770 833 1821 Ἐτύγχανον
851 1768 920 1820 μὲν
939 1769 1021 1820 ἄρτι
1041 1771 1291 1820 χαλκουργῶν
1305 1767 1375 1804 ὕπο

593 1831 846 1881 Πιττούμενος
869 1830 1024 1881 στέρνον
1043 1845 1081 1868 τε
1102 1831 1160 1866 καὶ
1178 1828 1416 1880 μετάφρενον·

595 1892 731 1943 Θώραξ
747 1891 785 1929 ἕέ
802 1908 867 1943 μοι
887 1891 1052 1940 γέλοιος,
1069 1890 1162 1942 α’μφὶ
1184 1891 1326 1941 σώματι

596 1952 812 2000 Πλασὲεὶς,
832 1954 1050 2007 παρῃώρητο
1070 1943 1213 2007 μιμηλῇ
1234 1951 1366 2006 τέχνῃ,

596 2014 791 2067 Σφραγῖδα
811 2018 956 2067 χαλκοῦ
974 2018 1107 2052 πᾶσαν
1123 2011 1408 2064 ἕντυποῦμενος.

278 2108 394 2148 Conf.
413 2108 549 2148 Schol.
571 2107 773 2160 Aristoph.
796 2107 928 2156 Equit.
950 2110 1058 2154 297„
1083 2104 1257 2157 Hesych.
1272 2117 1309 2142 v.
1324 2105 1506 2156 Ἀγοραῖς
1524 2102 1655 2153 ibique
1675 2104 1740 2142 In-·

278 2179 422 2224 terpp.,
443 2171 610 2224 Gyrald.
633 2170 672 2209 d.
691 2171 715 2209 1.
735 2184 775 2221 p.
795 2174 887 2208 304.
910 2170 970 2216 Β.,
990 2169 1137 2206 Meurs.
1160 2166 1254 2205 Ath.
1275 2167 1359 2204 Att.
1380 2166 1402 2203 l.
1428 2166 1460 2203 I.
1481 2179 1517 2205 c.
1539 2170 1578 2205 5.
1597 2165 1648 2204 de
1668 2167 1741 2203 Ar·

278 2234 413 2274 chont.
434 2234 461 2272 l.
482 2233 552 2271 IV.
573 2246 607 2273 c.
627 2237 709 2279 20„
731 2232 861 2271 Vales.
885 2230 934 2270 ad
968 2230 1161 2281 Harpocr.
1190 2242 1228 2267 v.
1254 2227 1395 2280 Ἑρμαῖ
1427 2240 1468 2279 p.
1490 2231 1556 2266 33.
1577 2229 1627 2266 A.
1647 2226 1740 2266 edit.

281 2296 419 2335 Blanc.

331 2358 474 2409 Ἑρμῆς
501 2359 520 2396 ὁ
549 2358 604 2397 ἐπ’
624 2358 774 2407 Αἰγέως
800 2356 959 2399 πύλαιςε
989 2354 1040 2393 de
1065 2354 1131 2392 illo
1163 2353 1249 2391 haec
1278 2351 1412 2402 prodit
1441 2351 1674 2390 Plutarchus
1703 2351 1741 2389 iu

277 2419 433 2462 Theseo
452 2432 491 2469 p.
513 2423 551 2459 5.
572 2420 618 2457 Ε.
643 2419 797 2468 λέγεται
817 2418 869 2463 δὲ,
894 2424 961 2463 τῆς
981 2419 1125 2459 κύλικος
1151 2415 1352 2462 πεσούσης,
1370 2413 1565 2466 ἐκχυθῆναι
1589 2413 1630 2451 τὸ
1649 2412 1743 2465 φάρ-

279 2495 412 2532 μακον,
441 2478 534 2517 ὅπου
564 2485 632 2518 νῦν
664 2480 704 2517 ἐν
731 2479 912 2531 Δελφινίῳ
941 2477 983 2516 τὸ
1010 2477 1258 2529 περίφρακτόν
1284 2475 1400 2513 ἐστιν·
1430 2474 1590 2512 ἐνταῦθα
1619 2476 1694 2525 γὰρ
1722 2474 1743 2511 ὁ

281 2540 423 2591 Αἰγεὺς
451 2540 544 2594 ᾤκει·
577 2542 637 2578 καὶ
666 2541 729 2579 τὸν
753 2540 913 2592 Ἑρμῆν,
941 2539 1006 2578 τὸν
1036 2538 1130 2588 πρὸς
1159 2537 1205 2576 ἔω
1237 2542 1301 2575 τοῦ
1335 2536 1445 2587 ἱεροῦ,
1480 2537 1659 2574 καλοῦσιν
1688 2535 1744 2574 ἐπ’

282 2604 435 2653 Αἰγέως
455 2606 606 2646 πύλαις.

334 2666 481 2718 Ἑρμῆς
500 2665 730 2715 Ἡγεμόνιος
749 2663 893 2702 oraculi
914 2663 1027 2714 jussu
1048 2661 1098 2701 ab
1119 2659 1425 2699 Atheniensibus
1447 2659 1520 2698 fuit
1538 2671 1743 2698 consecra-

283 2733 360 2773 tus,
379 2732 478 2765 teste
494 2725 628 2764 Schol.
649 2724 848 2774 Aristoph.
869 2724 919 2762 ad
942 2724 1099 2761 Plutum
1125 2735 1159 2759 v.
1186 2725 1299 2760 1160.

333 2788 476 2839 Ἑρμῆς
508 2787 752 2838 Προπυλαῖος
782 2785 819 2822 in
848 2784 934 2835 ipso
953 2785 1052 2822 arcis
1074 2784 1250 2834 ingressu
1269 2795 1357 2820 cum
1379 2781 1605 2820 Gratiarum
1626 2781 1745 2819 simu-

284 2848 399 2887 lacris
419 2854 504 2886 erat
523 2847 690 2899 positus,
714 2847 883 2885 Socratis
904 2858 1016 2896 opus.
1038 2844 1129 2882 Vid.
1151 2843 1316 2882 Pausan.
1340 2844 1424 2881 Att.
1442 2855 1482 2893 p.
1497 2846 1578 2888 53„
1597 2841 1746 2880 Meurs.

282 2908 322 2948 iu
341 2909 534 2961 Cecropia
548 2923 583 2948 c.
603 2913 640 2949 7.
665 2914 704 2947 et
724 2910 809 2946 Att.
832 2906 946 2945 Lect.
969 2907 994 2944 1.
1016 2906 1087 2943 V1.
1109 2918 1145 2944 c.
1162 2908 1227 2944 33.

333 2971 473 3022 Ἑρμῆς
501 2971 685 3024 Ἀμύητος
704 2969 796 3009 item
817 2968 857 3008 in
884 2980 972 3008 arce
992 2974 1074 3007 erat
1093 2965 1314 3006 dedicatus.
1335 2965 1425 3005 Vid.
1447 2964 1623 3016 Hesyoh.
1648 2963 1692 3004 h.
1707 2978 1743 3002 v.
