1818 3189
245 160 333 202 xlvi
604 153 964 200 RUHNKENII
998 153 1149 198 HIST.
1182 152 1337 195 CRIT.

148 276 225 311 183
243 275 269 293 “
289 271 376 310 Nee
397 271 491 309 nihil
511 269 687 321 profecto
708 269 901 314 viderunt,
923 268 990 319 qui
1013 268 1223 313 orationes,
1243 278 1331 317 quae
1353 263 1519 302 Charisii
1540 261 1695 300 nominc

241 333 423 379 eduntur,
439 346 460 370 a
476 330 693 369 Menandro
715 329 880 380 scriptas
902 329 1080 381 putant.''
1136 329 1237 372 Quae
1258 333 1428 364 veterum
1449 325 1596 376 opinio,
1617 324 1697 361 sive

242 407 344 440 vera,
361 394 437 431 sive
458 393 566 439 falsa,
583 391 742 429 multum
764 391 930 429 valetud
949 390 1114 429 Charisii
1137 389 1330 428 orationes
1348 384 1696 425 commendanda&

243 454 460 493 Charisium
481 466 556 490 non
573 453 742 498 aliunde,
761 465 877 503 quam
895 466 915 490 e
935 452 1097 497 Rutilio,
1113 450 1310 501 cognitum
1329 448 1500 487 habebat
1518 444 1696 484 Barthius

241 515 507 558 Adversarior.
537 515 729 552 XXXIV.
767 518 828 552 19.
861 527 975 563 quem
1008 513 1132 551 allatis
1163 511 1365 550 Ciceronis
1398 516 1437 548 et
1465 506 1696 553 Quintiliani

241 576 487 615 locisacerbe
515 575 766 627 reprehendit
786 575 860 613 Th.
884 575 1084 613 Reinesius
1104 574 1195 612 Var.
1225 573 1334 610 Lect.
1357 572 1432 609 III.
1460 574 1523 608 14.
1580 566 1696 606 Adde

241 639 452 677 Daumium
471 638 542 688 Ep.
559 637 608 674 ad
629 638 785 675 Reines.
800 649 841 687 p.
857 640 922 675 60.
940 636 1092 674 Reines.
1114 634 1163 672 ad
1183 633 1390 672 Daumium
1405 646 1444 683 p.
1465 635 1532 670 68.
1556 631 1694 671 Daum.

238 701 288 739 ad
310 701 465 738 Reiues.
485 711 526 749 p.
546 702 611 739 76.

293 762 421 800 LXII.
443 761 696 805 HEGEstAs,
717 760 896 809 Magnes,
911 764 1054 805 orator,
1071 771 1118 796 ex
1134 769 1266 795 eorum
1287 767 1464 799 numero,
1479 753 1546 804 qui
1563 752 1696 791 Asiani

239 830 441 868 vocantur,
460 823 606 873 primus
632 822 845 859 Asiaticum
873 820 1028 858 dicendi
1049 832 1170 870 genus
1190 818 1350 863 invexit,
1370 815 1593 865 Atticaeque
1613 814 1696 852 elo-

237 886 407 934 quentiae
433 884 691 934 integritatem
724 884 914 932 corrupit.
943 894 978 918 v.
1007 882 1136 918 Cicer.
1163 881 1275 917 Orat.
1301 882 1366 918 67.
1393 881 1457 916 69.
1515 876 1694 914 Strabon.

238 948 351 985 XIV.
373 960 410 997 p.
431 951 522 986 959.
547 945 708 995 Longin.
728 961 769 982 π.
790 946 822 981 ὕ.
844 947 875 990 ᾗ.
894 947 931 980 3.
950 948 990 980 et
1009 942 1062 979 ibi
1083 940 1377 989 Langbaenium.
1438 939 1491 976 Ut
1511 938 1637 976 verbis
1657 945 1697 975 et

236 1009 436 1046 sententiis
458 1009 612 1058 ineptus
634 1004 719 1051 fuit,
742 1004 797 1042 sic
824 1003 988 1041 maxime
1015 1002 1202 1040 orationis
1231 1007 1438 1046 structura,
1461 1012 1574 1050 quam
1596 1012 1695 1049 prae-

235 1075 295 1110 ter
315 1069 541 1107 Ciceronem
563 1068 589 1105 l.
609 1080 645 1105 c.
668 1065 881 1116 Dionysius
905 1065 1032 1103 Halic.
1052 1064 1100 1101 de
1122 1064 1307 1113 Compos.
1329 1069 1368 1100 et
1390 1061 1528 1099 Theon
1549 1061 1697 1111 Progy-

234 1145 396 1181 mnasm.
417 1145 451 1170 c.
471 1136 511 1169 2.
532 1143 571 1180 p.
592 1134 658 1168 25.
678 1128 928 1166 vehementer
946 1128 1158 1176 exagitant.
1192 1126 1236 1162 In
1257 1124 1510 1168 orationibus,
1532 1135 1694 1172 quarum

234 1192 351 1230 etiam
379 1192 634 1243 fragmentum
665 1196 725 1228 est
751 1188 854 1239 apud
885 1188 1115 1226 Strabonem
1144 1187 1217 1224 IX.
1238 1198 1277 1236 p.
1297 1189 1388 1226 607.
1409 1184 1549 1222 imitari
1571 1183 1694 1221 voluit

161 1276 165 1279 «
234 1253 469 1299 Charisium‚
496 1251 704 1290 Menandri
730 1252 933 1301 aequalem.
962 1263 1008 1286 ex
1036 1261 1129 1299 quo,
1164 1247 1324 1298 quando
1352 1246 1502 1292 vixerit,
1532 1244 1693 1294 intelligi

233 1321 379 1366 potest.
435 1315 576 1353 Cicero
610 1314 731 1351 Bruto
764 1316 829 1350 83.
859 1310 1067 1348 “Charisii
1093 1310 1175 1348 vult
1212 1309 1398 1360 Hegesias
1430 1307 1564 1345 similis
1594 1320 1692 1352 esse,

233 1377 345 1427 isque
370 1390 411 1415 se
440 1376 493 1413 ita
519 1380 631 1426 putat
662 1374 854 1419 Atticum,
874 1378 917 1410 ut
937 1384 1051 1409 veros
1082 1371 1166 1409 illos
1196 1384 1277 1422 prae
1307 1384 1348 1408 se
1380 1382 1493 1420 paene
1525 1374 1695 1418 agrestes

233 1438 382 1489 putet.''
437 1438 548 1476 Unus
569 1451 617 1475 ex
638 1436 741 1474 omni
760 1434 995 1484 antiquitate
1011 1434 1149 1480 Varro,
1169 1439 1268 1471 teste
1289 1433 1480 1470 Cicerone
1499 1430 1548 1468 ad
1572 1429 1693 1469 Attic.

234 1501 330 1539 XII.
350 1505 389 1539 6.
408 1500 571 1538 fractum
602 1498 688 1548 ejus
716 1497 872 1535 dicendi
900 1509 1020 1546 genus
1052 1495 1247 1545 probavit.
1306 1494 1542 1543 Quanquam
1576 1491 1694 1529 etiam

235 1562 420 1612 Gorgias,
437 1561 552 1610 cujus
572 1560 713 1597 librum
735 1557 905 1596 Rutilius
925 1557 1053 1603 vertit,
1074 1556 1123 1593 de
1144 1556 1226 1607 ejus
1245 1555 1466 1605 eloquentia
1489 1553 1587 1590 bene
1608 1564 1695 1590 sen-

233 1623 328 1661 sisse
351 1623 518 1661 videtur.
562 1621 649 1659 Nisi
672 1620 951 1665 existimamus,
972 1630 1060 1656 eum
1082 1616 1289 1667 figurarum
1310 1614 1501 1665 exempla,
1521 1626 1608 1664 quae
1628 1613 1696 1651 ali-

234 1686 337 1727 unde
373 1697 523 1722 sumere
557 1689 726 1734 poterat,
758 1682 808 1719 ab
839 1686 1008 1727 oratore,
1029 1692 1146 1729 quem
1167 1683 1448 1723 contemneret,
1469 1675 1696 1726 sumpsisse.

235 1747 313 1786 Sed
334 1760 426 1784 cave
447 1758 536 1783 cum
557 1744 719 1782 Graevio
740 1743 838 1780 inter
859 1741 1041 1791 Hegesiae
1063 1740 1285 1777 laudatores
1310 1738 1454 1776 referas
1480 1738 1696 1775 Lucianum

237 1809 399 1847 Rhetor.
413 1812 649 1858 praecept.p.
661 1809 698 1843 9.
720 1805 820 1842 Nam
839 1803 893 1841 ibi
909 1807 1237 1840 commemoratur
1250 1800 1450 1850 Hegesias,
1461 1799 1523 1837 vel
1536 1798 1697 1849 Hegias,

237 1870 413 1920 sculptor
427 1868 741 1913 Atheniensis‚ut
757 1867 856 1904 bene
866 1865 960 1903 vidit
976 1865 1154 1902 Solauus.
1174 1864 1324 1901 Praeter
1336 1863 1526 1901 orationes
1540 1862 1699 1912 scripsit

237 1932 424 1983 Hegesias
455 1929 667 1968 Alexandri
698 1929 755 1966 M.
783 1927 994 1972 historiam,
1025 1926 1064 1963 in
1099 1938 1177 1975 qua
1202 1924 1342 1962 acerbe
1376 1923 1699 1973 reprehendenda

142 2001 221 2037 184
239 1995 348 2034 multi
369 2000 457 2032 sunt
480 1992 691 2044 Dionysius
706 1991 835 2029 Halic.
850 1991 898 2028 de
917 1988 1213 2039 compositione
1234 2000 1274 2037 p.
1296 1990 1360 2026 18.
1379 1992 1418 2024 et
1439 1986 1699 2036 Agatharchi-

239 2057 322 2103 des,
337 2055 396 2093 vel
411 2055 541 2106 potius
562 2055 712 2092 Rhetor
731 2052 905 2103 quidam,
924 2050 1028 2101 apud
1050 2049 1231 2087 Photium
1252 2048 1390 2086 codice
1408 2052 1501 2086 250.
1521 2061 1560 2098 p.
1582 2050 1698 2085 1335.

239 2123 264 2140 “
281 2118 562 2156 Miraculorum
590 2115 885 2164 fabularumque
915 2113 1054 2163 plenos
1084 2111 1230 2148 libros''
1251 2116 1367 2148 vocat
1393 2109 1546 2147 Gellius
1567 2109 1641 2147 IX.
1660 2114 1700 2148 4.

242 2180 300 2217 Ex
329 2178 488 2216 historia
515 2177 629 2215 etiam
658 2176 820 2227 petitum
845 2180 904 2212 est
932 2174 1095 2220 dictum,
1123 2172 1228 2222 quod
1253 2172 1399 2209 habent
1419 2170 1560 2209 Cicero
1579 2170 1628 2209 de
1647 2172 1702 2210 N.

244 2241 294 2279 D.
317 2241 370 2277 II.
391 2244 455 2279 27.
476 2246 515 2276 et
542 2237 774 2276 Plutarchus
798 2234 1024 2274 Alexandro
1051 2247 1090 2284 p.
1116 2237 1207 2271 665.
1232 2233 1274 2271 F.
1297 2233 1360 2270 hic
1381 2232 1618 2282 vituperans,
1638 2233 1701 2271 ille

244 2314 314 2352 per
345 2301 537 2338 memoriae
565 2300 715 2350 lapsum
736 2298 884 2335 Timaeo
911 2296 1101 2340 tribuens,
1119 2301 1170 2340 et,
1191 2301 1232 2332 ut
1258 2294 1507 2340 concinnum,
1526 2293 1703 2332 laudans.

245 2363 446 2401 Ciceronis
468 2361 584 2399 verba
604 2361 687 2398 haec
708 2365 820 2397 sunt:
851 2364 880 2381 “
897 2356 1190 2405 concinneque,
1215 2362 1256 2393 ut
1281 2356 1412 2401 multa,
1432 2355 1615 2402 Timaeus,
1635 2356 1703 2406 qui

247 2437 333 2462 cum
356 2423 393 2461 in
415 2422 586 2460 Historia
614 2421 787 2467 dixisset,
807 2432 882 2469 qua
910 2424 1026 2456 nocte
1054 2424 1167 2456 natus
1186 2416 1405 2455 Alexander
1431 2423 1546 2462 esset,
1566 2416 1703 2456 eadem

247 2487 386 2524 Dianae
418 2484 599 2536 Ephesiae
629 2483 816 2534 templum
844 2480 1129 2531 deflagravisse,
1161 2479 1353 2529 adjunxit,
1374 2479 1530 2517 minime
1557 2479 1594 2517 id
1622 2494 1706 2519 esse

246 2547 476 2592 mirandum,
497 2546 601 2596 quod
628 2545 765 2589 Dlana,
787 2556 876 2581 curn
900 2543 935 2580 in
957 2548 1069 2592 partu
1089 2541 1334 2592 Olympiadis
1351 2540 1488 2578 adesse
1505 2541 1705 2590 voluisset,

245 2610 434 2648 abfuisset
460 2606 615 2645 dom0.”
670 2605 904 2643 Plutarchus
933 2604 1007 2642 ita:
1040 2602 1145 2640 Καθ’
1164 2607 1208 2649 ἣν
1230 2603 1375 2653 ἡμέραν
1398 2602 1417 2639 ὁ
1445 2609 1511 2648 τῆς
1527 2603 1706 2654 Ἐφεσίας

245 2669 465 2721 Ἀρτέμιδος
493 2666 707 2718 ἐνεπρήσθη
729 2668 833 2711 νεὼς,
856 2663 1085 2716 ᾦῊγησίας
1106 2665 1124 2700 ὁ
1144 2663 1310 2712 ΒΙά-γνης
1329 2664 1605 2716 ἐπιπεφώνηκεν
1625 2665 1705 2703 ἐπι-

247 2734 404 2783 φώνημα
431 2728 669 2777 κατασβέσαι
702 2730 769 2772 τὴν
801 2728 983 2776 πυρκαϊὰν
1018 2725 1158 2771 ἐκείνην
1187 2725 1258 2762 ὑπὸ
1288 2725 1456 2776 ψυχρίας
1486 2725 1705 2777 δυνάμενον.

247 2794 395 2835 εἰκότως
416 2794 489 2840 ’γὰρ
509 2792 576 2840 ἔφη
597 2790 895 2840 καταφλεχθῆναι
912 2787 978 2825 τὸν
996 2791 1096 2833 νεὼν,
1111 2786 1399 2838 τῆςἈρτ-έμιόος
1418 2789 1705 2839 ἀσχολουμένης

249 2855 329 2903 περὶ
342 2856 408 2898 τὴν
421 2851 667 2901 Ἀλεξάνδρου
682 2854 854 2902 μαίωσιν.
892 2847 1291 2897 Horumjudiciorum
1306 2854 1382 2886 tam
1399 2849 1703 2900 discrepantium

252 2922 375 2953 utrum
397 2913 639 2965 probandum
660 2925 808 2959 censeS‚
829 2910 1099 2956 Ciceronisne,
1120 2923 1168 2948 an
1191 2909 1422 2949 Plutarchi?
1452 2911 1634 2950 Davisius
1654 2911 1703 2949 ad
