1818 3189
194 184 253 224 xii
557 180 909 224 RUHNKENII
945 180 1097 224 HIST.
1131 181 1286 224 CRIT.

193 298 331 335 Κλέων
346 295 534 352 Ἀθήνῃσι
553 299 612 334 καὶ
631 300 856 347 Κλειτοφῶν.
889 297 1052 347 Repone
1069 301 1262 345 Κλεοφῶν.
1294 294 1482 333 Aristides
1498 294 1650 332 Platon.

194 359 247 396 II.
276 371 313 408 p.
338 362 429 398 176.
458 357 615 408 φαίνειν,
640 357 875 407 ἐνδεικνύναι,
896 359 1077 407 δημεύειν,
1099 362 1218 411 ὥςπερ
1243 359 1418 402 Κλέωνα,
1446 358 1506 394 καὶ
1533 357 1652 394 Κλεο-

195 427 334 470 φῶντα,
357 422 417 456 καὶ
437 417 687 468 ’Ὑπέρβολον
746 419 834 457 Alia
856 420 954 466 loca,
975 420 1011 457 in
1037 421 1179 470 quibus
1207 420 1320 458 iidem
1344 418 1545 469 (lemagogi
1561 417 1653 466 jun-

194 489 346 530 gantur,
370 480 514 517 indicat
542 493 699 529 magnus
722 481 1038 519 Hemsterhusius
1067 482 1115 519 ad
1138 482 1299 519 Lucian.
1321 481 1477 518 Timon.
1501 493 1539 529 p.
1565 483 1653 516 145.

195 542 480 591 Cleophontem
502 541 538 579 in
567 550 792 580 transcursu
814 543 983 593 exagitat
1006 544 1285 593 Aristophanes
1307 543 1405 580 Ran.
1427 547 1518 581 690.
1542 553 1653 590 seqq.

194 603 260 640 sed
279 603 389 640 Plato
408 603 555 653 integra
573 604 788 649 Comoedia,
808 617 896 654 quae
914 605 1173 655 Cleophontis
1189 606 1342 642 nomine
1358 605 1543 653 inscripta
1559 609 1654 647 erat,

194 664 280 713 ejus
294 664 580 714 improbitatem
600 666 761 703 notavit.
794 666 901 712 Eam,
917 673 1063 716 praeter
1079 666 1175 704 alios
1191 667 1348 712 multos,
1364 665 1497 703 laudat
1512 666 1655 702 Gram-

194 726 361 763 maticus
388 727 730 777 Sangermanensis
761 728 844 764 MS.
889 729 1086 779 Ἀργύρια,
1115 727 1390 775 πληθυντικῶς,
1418 729 1489 782 οὐχ
1516 726 1656 769 ἑνικῶς.

195 786 362 825 Πλάτων
386 788 618 839 Κλεοφῶντι.
639 795 678 825 et
700 788 871 826 Lexicon
893 790 1224 838 Sangermanense
1246 790 1337 826 MS.
1381 789 1537 838 Ἀπαρτὶ
1555 790 1658 839 παρὰ

197 853 275 890 τοῖς
302 855 472 900 κωμικοῖς
500 852 540 887 τὸ
570 851 609 886 ἐκ
633 854 695 887 τοῦ
721 850 904 888 ἐναντίου.
962 850 1131 888 Πλάτων
1154 852 1382 902 Κλεοφῶντι·
1437 850 1549 887 Ἀλλ’
1577 850 1657 886 αὔτ’

197 910 335 959 ἀπαρτὶ
361 913 547 960 τάλλότρι’
577 911 720 961 οἰχήσει
748 913 880 961 φέρων.
933 912 1010 949 Sed
1044 920 1081 950 et
1110 912 1298 961 Tragicus
1330 909 1534 960 EurIpides
1568 924 1655 948 eum

196 972 468 1020 perstrinxisse
494 973 664 1010 creditur
694 973 824 1010 Orest.
851 978 944 1012 902.
976 987 1087 1024 seqq.
1119 974 1359 1012 Scholiastes
1390 973 1462 1011 ita:
1494 972 1596 1010 ἓέλει
1621 973 1658 1011 δὲ

195 1035 312 1070 εἰπεῖν
331 1033 537 1080 Ἀθηναῖον
556 1035 619 1071 οὒκ
636 1032 845 1079 Ἀθηναῖον
864 1034 953 1073 ὄντα
973 1035 1099 1082 αὐτὸν,
1116 1038 1218 1073 ἀλλὰ
1239 1036 1349 1074 νόθον
1370 1038 1544 1080 πολίτην,
1562 1050 1657 1084 παρ-

195 1096 284 1132 όσον
302 1095 404 1145 Θρᾷξ
424 1094 468 1141 ἦν
489 1096 527 1132 ἐκ
541 1096 698 1145 Δελφῶν
719 1096 738 1132 ὁ
755 1095 951 1147 Κλεοφῶν.
971 1096 1036 1134 ubi
1056 1098 1267 1135 Palmerius
1290 1096 1461 1134 Exercit.
1485 1096 1522 1133 in
1539 1098 1656 1134 Auct.

196 1157 268 1194 Gr.
299 1170 336 1206 p.
364 1160 457 1196 773.
481 1156 688 1194 infeliciter
715 1157 879 1206 conjicit
900 1159 937 1195 ἐκ
958 1158 1160 1196 Δεουέλτου
1189 1171 1266 1196 non
1291 1158 1424 1195 videns
1445 1158 1482 1195 ἐκ
1501 1157 1658 1209 Δελφῶν

194 1218 369 1254 vitiosam
384 1230 465 1254 esse
487 1217 716 1266 scripturam
737 1219 901 1256 nominis
914 1219 1111 1270 Κλεοφῶν,
1128 1226 1246 1269 atque
1268 1219 1368 1257 adeo
1390 1219 1503 1257 litura
1524 1231 1660 1255 sanan-

196 1279 296 1315 dam.
354 1278 613 1328 Cleophontis
634 1278 847 1316 oratIOnem
876 1280 1059 1319 adversus
1084 1281 1249 1319 Critiam
1270 1280 1404 1318 laudat
1423 1279 1658 1318 Aristoteles

196 1342 357 1378 Rhetor.
376 1342 459 1391 I.p.
477 1346 541 1379 54.
599 1341 712 1379 Plura
734 1342 912 1381 Perizon.
935 1343 981 1380 ad
1006 1344 1143 1380 AElian.
1164 1343 1276 1381 V.H.
1292 1343 1385 1380 XlI.
1407 1347 1471 1381 43.
1505 1342 1658 1380 Wesse-

197 1403 290 1451 ling.
311 1403 359 1440 ad
380 1402 543 1440 Diodor.
561 1402 810 1440 Sicul.XIII.
832 1408 972 1454 p..583.
994 1412 1033 1442 et
1048 1405 1238 1456 Taylorus
1254 1405 1289 1442 in
1310 1405 1434 1455 Lysiae
1450 1404 1528 1442 Vit.
1543 1407 1660 1454 p.43.

252 1464 304 1501 X.
335 1465 757 1501 ARISTOPHONTES.
786 1465 887 1503 Tres
905 1466 1205 1517 Aristophontes
1224 1466 1262 1503 in
1286 1466 1420 1503 horum
1440 1472 1658 1516 temporum

196 1524 453 1562 monumentis
470 1533 693 1564 occurrunt.
741 1527 852 1570 Quos
873 1540 961 1565 cum
982 1528 1037 1564 vir
1053 1540 1237 1573 summus,
1260 1528 1310 1565 Is.
1333 1528 1590 1565 Casaubonus
1607 1527 1658 1564 ad

196 1585 460 1635 Theophrast.
481 1586 597 1623 Char.
614 1592 652 1625 8.
675 1588 908 1634 confuderit,
926 1595 965 1626 et
985 1589 1030 1627 P.
1054 1589 1312 1634 Burmannus,
1331 1603 1399 1626 eos
1420 1589 1660 1639 distinguere

197 1655 376 1697 conatus,
397 1648 444 1685 ad
468 1648 721 1691 Quinctilian.
743 1651 792 1687 V.
816 1654 880 1689 12.
910 1664 947 1700 p.
969 1654 1060 1688 452.
1084 1651 1177 1688 nihil
1198 1651 1430 1701 expedierit,
1452 1664 1535 1701 age,
1559 1664 1661 1701 quo-

199 1710 315 1747 modo
337 1709 586 1747 discernendi
603 1711 691 1756 sint,
711 1711 881 1748 breviter
902 1711 1129 1749 doceamus.
1172 1711 1321 1748 Primus
1337 1710 1402 1749 est
1417 1711 1660 1757 Azeniensis,

198 1785 220 1809 a
235 1771 538 1821 Quadringentis
559 1771 708 1821 legatus
730 1773 777 1811 ad
795 1773 1114 1811 Lacedaemonios
1135 1772 1272 1811 missus
1293 1773 1456 1824 Olymp.
1474 1774 1604 1811 XCII.
1625 1779 1659 1811 l.

197 1833 424 1884 Thucydid.
448 1832 561 1870 VIII.
588 1837 652 1872 86.
698 1835 807 1872 Idem
837 1835 1037 1873 Archonte
1066 1835 1229 1872 Euclide
1261 1835 1418 1886 Olymp.
1443 1835 1589 1874 XCIV.
1619 1840 1657 1874 1.

101 1905 179 1939 130
199 1895 321 1945 legem
345 1894 515 1945 scripsit,
540 1907 585 1931 ne
610 1895 698 1944 quis
718 1896 810 1933 civis
832 1896 1054 1941 haberetur,
1076 1896 1147 1933 nisi
1170 1897 1237 1946 qui
1258 1904 1381 1934 matre
1403 1896 1524 1934 libera
1546 1904 1660 1934 natus

199 1962 313 1993 esset.
362 1955 562 2006 Carystius
578 1956 681 2006 apud
703 1957 844 1994 Athen.
867 1958 983 1994 XIII.
1004 1971 1042 2008 p.
1066 1962 1157 1998 577.
1181 1960 1231 1995 A.
1248 1959 1427 1997 Perizon.
1448 1958 1496 1996 ad
1518 1958 1658 1996 AElian.

198 2017 246 2054 V.
269 2017 318 2054 H.
341 2016 453 2054 XIV.
477 2023 514 2056 3.
535 2018 692 2069 Taylor.
715 2018 750 2055 iu
773 2019 900 2068 Lysiae
922 2019 1001 2056 Vit.
1023 2032 1062 2069 p.
1087 2024 1150 2057 55.
1173 2027 1212 2057 et
1234 2020 1423 2057 Corsinus
1451 2020 1553 2057 Fast.
1575 2021 1658 2058 Au.

196 2077 308 2115 Torn.
331 2078 405 2115 III.
425 2091 463 2129 p.
479 2083 571 2119 275.
614 2079 850 2129 Iphicraten]
873 2089 908 2116 et
925 2079 1171 2117 Timotheum
1190 2080 1421 2130 proditionis
1436 2081 1655 2125 accusavit;

197 2153 242 2175 ex
273 2152 351 2188 quo
380 2140 618 2191 intelligitur,
646 2154 731 2178 eum
761 2141 876 2178 vitam
907 2141 1006 2178 ultra
1035 2141 1197 2191 Olymp.
1227 2141 1334 2179 CVI.
1355 2147 1393 2180 1.
1423 2143 1656 2181 extendisse.

198 2200 418 2238 Dinarchus
438 2202 527 2239 adv.
550 2201 753 2239 Demosth.
775 2214 811 2251 p.
834 2206 899 2239 92.
922 2202 1012 2238 adv.
1034 2201 1196 2239 Philocl.
1218 2215 1257 2252 p.
1279 2206 1370 2240 110.
1393 2203 1590 2240 Plutarch.
1607 2204 1658 2241 de

198 2262 295 2299 Exil.
319 2276 356 2312 p.
379 2267 470 2300 605.
494 2264 536 2300 F..
558 2263 674 2300 Polit.
697 2276 815 2313 praec.
842 2277 880 2313 p.
902 2268 992 2301 801.
1016 2263 1058 2300 F.
1081 2269 1119 2300 et
1140 2263 1223 2301 Cel.
1246 2264 1470 2314 Wesseling.
1491 2265 1537 2302 ad
1562 2265 1658 2302 Dio-

197 2322 280 2361 dor.
311 2323 429 2361 Sicul.
462 2324 570 2361 XVI.
603 2338 641 2374 p.
675 2330 741 2363 98.
800 2325 907 2362 Inter
940 2326 1041 2363 viros
1071 2326 1409 2375 eloquentissimos
1440 2327 1605 2364 refertur
1635 2340 1658 2365 a

198 2384 462 2423 Demosthene
482 2385 568 2423 adv.
586 2385 741 2435 Leptin.
759 2390 789 2433 ξ.
810 2385 887 2433 λβᾌ
909 2387 974 2423 ubi
995 2387 1186 2437 Taylorus
1207 2387 1358 2438 reliqua
1382 2388 1657 2426 Demosthenis

197 2452 234 2483 et
251 2446 442 2483 AEscliinis
461 2446 561 2495 loca,
580 2460 668 2496 quae
689 2447 736 2483 ad
755 2460 840 2484 eum
858 2448 1092 2497 pertineant,
1112 2449 1283 2496 collegit.
1342 2449 1399 2485 Ex
1416 2462 1520 2486 more
1538 2450 1658 2488 Athe-

197 2506 400 2553 niensium,
431 2520 509 2557 quo
536 2508 638 2545 filius
665 2508 723 2545 avi
754 2521 893 2546 nomen
926 2509 1101 2558 gerebat,
1131 2509 1333 2558 conjicere
1369 2509 1474 2558 licet,
1503 2511 1656 2549 Aristo·

195 2568 355 2618 phontis
372 2575 520 2618 patrem
543 2568 661 2606 fuisse
683 2569 989 2617 Demostratum,
1005 2577 1214 2619 oratorem,
1231 2583 1344 2621 quem
1363 2577 1551 2609 memorat
1569 2571 1658 2610 Plu-

195 2631 353 2668 tarchus
369 2631 562 2669 Alcibiad.
586 2644 624 2681 p.
644 2635 737 2669 200.
756 2632 800 2669 B.
815 2639 852 2670 et
873 2633 988 2670 Nicia
1009 2646 1046 2683 p.
1068 2638 1160 2671 531.
1186 2634 1233 2670 D.
1256 2632 1379 2670 filium
1399 2633 1658 2684 Aristophon-

195 2690 259 2737 tis,
282 2693 586 2738 Demostratum,
612 2692 725 2742 cujus
763 2694 994 2732 mentionem
1028 2693 1121 2732 struit
1142 2695 1378 2744 Xenophon.
1407 2695 1563 2733 Hellen.
1587 2696 1655 2733 VI.

196 2764 233 2800 p.
262 2756 354 2791 590.
379 2753 422 2790 B.
450 2776 504 2781 -
526 2754 635 2790 Alter
664 2754 918 2804 Aristophon,
951 2768 1065 2805 quem
1097 2769 1183 2793 cum
1214 2756 1421 2793 Azeniensi
1449 2757 1658 2795 confundit

198 2811 353 2861 Ulpian.
376 2813 410 2850 in
435 2814 688 2851 Demosthen.
711 2814 760 2852 (le
790 2815 882 2853 Cor.
905 2820 935 2863 ξ.
958 2815 1028 2863 κβἍ
1064 2815 1319 2866 Colyttensis,
1343 2823 1474 2854 orator
1493 2823 1532 2855 et
1558 2818 1655 2867 ipse,

198 2885 275 2922 quo
295 2882 517 2913 senescente
546 2875 683 2914 florere
709 2877 854 2926 incepit
885 2879 1182 2916 Demosthenes.
1244 2879 1655 2918 Pseudo-Plutarchus

198 2933 219 2970 l.
244 2947 277 2971 c.
301 2947 336 2984 p.
356 2940 446 2973 844.
471 2938 515 2974 D.
539 2944 576 2975 et
600 2938 782 2975 Libanius
803 2939 914 2976 Toni.
939 2940 970 2976 1.
990 2953 1027 2990 p.
1050 2943 1140 2977 436.
1160 2940 1205 2977 C.
1245 2941 1389 2979 Crebra
1412 2941 1497 2991 ejus
1511 2942 1656 2980 mentio
