1925 3272
533 202 856 246 PRAEFATIO
891 200 1200 245 EDITORIS.
1578 218 1603 243 v

137 317 473 370 Demosthenis
489 327 535 368 et
555 318 794 368 AEschinis
814 321 986 384 partim
1011 319 1192 368 Stockii
1216 319 1386 384 partim
1405 317 1602 367 Hieron.

134 404 319 464 Wolfii,
344 405 551 469 Lycurgi
588 412 745 452 autem
764 403 972 467 Taylori,
1009 413 1282 451 caeterorum
1309 403 1518 466 denique
1542 403 1605 450 G.

137 488 331 536 Canteri
346 487 654 550 aliorumque,
676 487 737 536 ad
755 504 931 536 novam
949 485 1074 534 hanc
1098 495 1310 534 nostram
1333 485 1607 535 Editionem

138 573 322 635 passim
346 571 717 619 accommodata.

203 654 350 717 Sylva
373 653 586 717 denique
610 653 907 700 Variantium
933 650 1226 708 Lectionum,
1251 667 1348 697 una
1385 668 1494 698 cum
1531 651 1608 698 In-

137 738 324 785 dicibus
348 736 739 800 locupletissimis
773 734 904 782 mille
941 735 990 780 in
1025 733 1143 780 locis
1180 732 1410 796 suppletis
1437 741 1484 779 et
1507 749 1608 779 cor-

136 823 289 876 rectiS,
308 823 358 867 in
372 821 588 884 singulos
604 819 836 867 Auctores
862 827 1134 881 comparata
1152 826 1249 876 est3
1276 817 1450 864 additis
1469 819 1611 865 etiam

137 920 300 951 eorum
331 903 457 950 Vitis
498 903 759 951 secundum
803 900 1126 959 Plutarchum,
1166 900 1408 956 photium,
1447 901 1612 948 Philo-

137 994 348 1046 stratum,
383 994 591 1045 caeteros,
617 994 718 1032 tum
750 986 890 1032 etiam
908 984 1208 1031 Tractatibus
1239 983 1457 1046 Dionysii
1479 982 1613 1031 Hali-

136 1070 466 1126 carnassensis,
492 1068 707 1125 Luciani,
732 1076 817 1114 etc.
846 1074 943 1112 turn
963 1066 1293 1123 recentiorum,
1319 1064 1612 1125 Ruhnkenii,

137 1151 244 1198 Van
279 1150 452 1215 Spaan,
490 1150 727 1208 Matthiae,
768 1149 1110 1212 Hauptmanni,
1147 1147 1206 1194 de
1235 1148 1401 1195 iisdem
1428 1165 1613 1196 eorum-

139 1251 233 1298 que
257 1234 469 1298 Scriptis.

207 1317 350 1365 Nunc
389 1317 507 1364 mihi
543 1334 639 1364 una
677 1324 862 1364 tantum
905 1331 977 1362 res
1013 1320 1157 1361 restat
1197 1313 1507 1373 conficienda,
1543 1317 1614 1363 uti

139 1418 200 1448 ne
238 1398 572 1448 doctissimum
609 1400 892 1458 Nostratem,
932 1397 1129 1445 Petrum
1167 1397 1368 1445 Paulum
1409 1398 1612 1457 Dobree,

141 1483 418 1530 Graecarum
437 1482 697 1530 Literarum
717 1481 846 1545 apud
873 1481 1297 1546 Cantabrigienses
1322 1499 1474 1545 nuper
1498 1483 1613 1530 Pro-

140 1565 363 1613 fessorem
392 1566 617 1629 Regium,
642 1565 827 1612 silerem
850 1593 917 1599 ——
934 1564 1193 1623 hominem,
1218 1566 1284 1611 mi
1308 1564 1490 1623 Lector,
1515 1573 1615 1612 tum

142 1656 314 1694 caetera
338 1648 555 1694 doctrina
586 1656 728 1708 atque
751 1648 1037 1708 optimarum
1061 1647 1232 1692 artium
1258 1647 1429 1693 studiis
1457 1647 1615 1694 erudi-

141 1731 388 1786 tissimum,
413 1736 515 1775 tum
539 1744 651 1776 vero
671 1730 813 1775 etiam
838 1729 885 1773 in
909 1727 1084 1774 Atticis
1103 1727 1392 1776 Rhetoribus
1418 1730 1616 1792 praecla-

141 1810 325 1858 rissime
342 1818 591 1858 versatum.
650 1800 865 1865 Quorum
892 1811 1118 1869 omnium,
1142 1819 1197 1858 ut
1220 1829 1278 1859 ex
1302 1812 1491 1861 schedis
1515 1816 1615 1878 ejus

139 1893 332 1956 colligo,
378 1911 487 1957 quae
529 1894 579 1940 in
615 1892 786 1957 pluteis
831 1893 1149 1942 Bibliothecae
1189 1894 1405 1944 Publicae
1438 1896 1615 1945 Canta-

140 1976 394 2039 brigiensis
431 1985 742 2035 asservantur,
782 1994 968 2037 novam,
1005 1987 1059 2026 ut
1095 1979 1295 2038 videtur,
1339 1978 1615 2028 Editionem

141 2058 421 2122 designabat
458 2059 515 2106 V.
550 2060 645 2118 D.;
690 2061 767 2107 cui
811 2069 968 2109 tamen
1007 2079 1184 2127 magno
1233 2079 1341 2110 cum
1373 2063 1614 2111 literarum

140 2142 315 2189 damno
348 2144 476 2206 prius
510 2145 607 2190 vita
633 2152 911 2207 praemature
940 2147 1093 2204 cessit,
1137 2164 1280 2210 quam
1318 2147 1450 2209 prelo
1484 2147 1615 2194 illam

141 2223 375 2271 submisit.
445 2224 820 2272 ADVERS’ARIA
859 2228 978 2273 adeo
1019 2244 1074 2274 ea
1106 2229 1224 2291 ipsa,
1257 2245 1420 2290 sparsa
1451 2236 1496 2276 et
1521 2229 1615 2276 dis-

134 2307 316 2370 juncta,
344 2306 402 2352 ab
429 2323 596 2370 eoque,
623 2306 881 2354 Auctorem
906 2326 1044 2355 suum
1077 2308 1266 2372 legente
1291 2318 1337 2356 et
1360 2309 1614 2374 relegente,

140 2390 318 2452 passim
338 2389 398 2436 de
422 2389 499 2436 die
524 2390 574 2436 in
593 2390 718 2437 diem
738 2399 876 2449 aucta
897 2409 951 2439 ac
977 2400 1177 2452 recocta,
1194 2410 1379 2440 summa
1402 2393 1495 2441 fide
1519 2396 1614 2458 (res

141 2471 301 2535 plures
327 2488 463 2518 casus
488 2473 698 2536 recipere
720 2474 898 2536 potest)
921 2476 1161 2538 exscripsi,
1192 2483 1238 2522 et
1263 2477 1310 2522 in
1335 2493 1477 2524 unam
1501 2494 1614 2525 con-

143 2555 328 2601 tinuam
370 2556 549 2613 seriem,
590 2555 748 2618 quoad
785 2555 884 2603 fieri
922 2559 1089 2620 potuit,
1116 2558 1293 2622 digessi
1314 2577 1322 2605 :
1374 2576 1429 2606 ac
1471 2561 1616 2607 cruda

70 2694 72 2696 v
143 2637 308 2683 eadem
336 2638 510 2700 saepius
555 2644 603 2684 et
650 2637 892 2686 decurtata
929 2657 1048 2696 esse,
1096 2648 1261 2704 utpote
1298 2658 1406 2704 quae
1444 2643 1614 2705 raptim

143 2717 318 2780 scripta
362 2719 642 2781 scriniisque
694 2721 1033 2784 consignanda,
1077 2738 1480 2785 supervacaneum
1529 2725 1616 2771 erit

141 2814 346 2846 monere.
419 2799 627 2864 Paginas
660 2802 801 2848 etiam
831 2802 993 2860 MSS„
1019 2804 1195 2866 passim
1227 2803 1392 2851 sedulo
1416 2812 1612 2862 notatas,

140 2881 421 2943 uncinisque
445 2882 662 2941 inclusaS,
688 2885 785 2931 suis
808 2884 924 2932 locis
949 2886 1160 2948 appinxi.

208 2963 449 3011 Hactenus
484 2964 610 3013 haec:
647 2967 809 3028 etjam
838 2975 937 3016 tota
974 2967 1090 3014 mihi
1124 2976 1280 3015 mente
1316 2967 1514 3030 tibique,
1551 2969 1615 3014 mi
