1818 3189
213 165 345 207 xxviii
579 165 935 210 RUHNKENII
970 167 1121 211 HIST.
1155 166 1309 209 CRIT.

214 282 466 328 orationibus,
489 296 574 334 quae
596 290 815 333 supersunt.
872 284 973 323 Vide
997 285 1192 323 Maussac.
1215 285 1263 322 ad
1284 283 1518 331 Harpocrat.
1539 294 1574 318 v.
1596 282 1670 318 Ab·

214 345 416 391 τοκλείὸης,
438 345 634 383 Valesium
663 346 700 383 in
734 346 932 385 Maussac.
962 353 1041 384 not.
1069 359 1110 398 p.
1129 350 1221 385 254.
1278 345 1435 395 Tayior.
1463 344 1591 380 Praeff.
1623 341 1672 379 ad

216 405 420 443 Demosth.
443 419 476 445 c.
497 406 698 457 Aristogit.
718 414 756 445 et
773 407 821 445 ad
843 407 1014 446 AEscbin.
1036 421 1072 446 c.
1093 407 1288 446 Timarch.

270 466 402 503 XXX.
433 467 694 513 HEGEMON‚
714 467 858 506 Orator
876 482 922 505 ex
952 469 1104 506 iliorum
1132 481 1307 514 nomem,
1328 467 1396 517 qui
1419 464 1534 503 nullis
1553 462 1677 500 literis

214 527 351 564 eruditi
380 529 429 565 ad
458 528 720 577 eloquentiam
754 531 1008 567 exercendam
1043 530 1232 576 venerint,
1260 529 1310 567 de
1341 529 1483 578 quibus
1511 524 1674 574 insignis

214 587 320 624 locus
353 595 409 626 est
437 589 591 639 Syriani
619 592 657 627 in
686 590 923 641 Hermogen.
951 604 991 641 p.
1020 595 1085 628 16.
1127 593 1249 640 ὥσπερ
1277 589 1374 632 τινὲς
1403 590 1463 626 καὶ
1487 590 1554 633 τὴν
1580 585 1674 631 ὅλην

212 647 408 697 ῥητορικὴν
428 651 567 700 τέχνην
587 652 628 687 οὒ
647 648 851 698 βούλονται
871 653 1023 702 (τέχνην
1042 649 1154 698 εἶναι)
1182 653 1269 688 ἀλλ’
1288 651 1497 701 ἐμπειρίαν,
1516 647 1591 685 α’πὸ
1611 655 1677 692 τῆς

212 714 284 744 τῶν
307 712 672 761 μεταχειρισαμένων
700 711 946 755 ἀπαιδευσίας
972 713 1178 763 ὡρμημένοι
1203 712 1294 761 (leg.
1320 710 1570 762 ὡρμημένην),
1595 706 1676 746 οἷον

210 768 384 819 Δημάδου
410 776 472 808 τοῦ
491 771 565 809 α’πὸ
585 781 651 817 τῆς
671 777 792 818 κώπης
812 775 986 815 ἀνίπτοις
1007 773 1047 811 τὸ
1066 777 1130 811 τοῦ
1149 774 1266 821 λόγου
1284 772 1414 822 χερσὶν
1433 769 1527 821 [legi
1548 768 1676 807 malim

211 832 334 868 ποσὶν.
366 831 533 869 insilitur
561 833 660 870 euim
683 834 722 871 in
751 846 843 878 rem,
865 846 941 871 non
969 834 1161 879 manibus,
1189 833 1254 871 sed
1277 832 1464 883 pedibus.
1497 829 1675 880 REISK.]

211 889 270 927 ἐπὶ
289 892 329 929 τὸ
349 890 457 943 βῆμα
484 893 734 940 πηδήσαντος,
764 896 824 931 καὶ
841 895 1072 946 Ἡγήμονος,
1102 896 1161 931 καὶ
1181 893 1344 938 Πυθίου,
1371 895 1432 930 καὶ
1448 893 1677 943 Ἀριστογεί-

212 967 333 996 τονος.
363 954 630 1004 Hegemonem
652 968 728 993 non
758 964 834 993 tarn
863 961 1070 1003 oratorem,
1095 968 1209 1006 quam
1239 954 1519 1006 sycophantam
1540 953 1674 1000 fuisse,

211 1012 306 1051 dicit
325 1014 480 1052 Troilus
503 1016 687 1065 Sophista
714 1017 930 1067 Prolegom.
956 1017 994 1055 in
1014 1016 1216 1067 Aphthon.
1243 1029 1280 1066 p.
1303 1019 1395 1055 596.
1420 1015 1525 1053 Bibl.
1549 1014 1673 1052 Coisl.

209 1076 230 1119 ἡ
254 1075 422 1125 ῥητορικὴ
449 1079 695 1129 ἀντίστροφος
727 1082 771 1132 τῇ
799 1082 1058 1133 συκοφαντικῇ,
1091 1078 1138 1124 ἧς
1167 1080 1360 1126 ἡγήσαντο
1385 1078 1675 1128 Ἀριστογείτων

209 1138 268 1173 καὶ
287 1137 480 1188 Ἡγήμων.
496 1141 516 1184 ἡ
534 1140 777 1192 ἀντίστροφος
796 1143 839 1191 τῇ
859 1142 1111 1193 κολακευτικῇ,
1131 1138 1175 1185 ἧς
1194 1140 1388 1187 ἡγήσαντο
1410 1134 1588 1188 Δημάδης
1615 1138 1674 1174 καὶ

208 1198 490 1248 Ἀριστόδημος.
515 1200 578 1237 ubi
599 1201 834 1250 Hegemonis
861 1214 1014 1246 nomen,
1038 1202 1143 1250 quod
1173 1214 1192 1236 e
1213 1199 1377 1245 Codice,
1404 1212 1483 1249 quo
1503 1211 1594 1236 usus
1613 1204 1674 1236 est

211 1258 544 1304 Montsauconius‚
567 1262 779 1307 exciderat,
797 1262 1034 1300 restituimus
1061 1276 1106 1299 ex
1125 1263 1301 1300 versione
1330 1261 1466 1299 horum
1489 1260 1675 1309 Prolego-

211 1331 426 1365 menorum,
455 1320 559 1358 facta
579 1322 629 1358 ab
657 1322 861 1360 Hilarione
884 1323 1084 1361 Monacho
1105 1322 1333 1367 Veronensi,
1353 1334 1440 1373 quae
1461 1320 1534 1358 sub
1555 1320 1672 1358 titulo

207 1379 463 1430 Hermogenis
484 1383 712 1421 Rhetorices
733 1384 1006 1434 compendium
1037 1386 1231 1433 reperitur
1257 1384 1356 1421 inter
1384 1383 1574 1420 Rhetores
1597 1382 1669 1419 La-

209 1441 310 1478 tinos
337 1442 511 1488 Aldinos,
539 1456 577 1493 p.
602 1448 690 1482 152.
749 1444 962 1494 Hegemon,
993 1444 1164 1494 Philippi
1192 1443 1417 1482 muneribus
1444 1449 1665 1492 corruptus,

209 1501 473 1541 Macedonum
509 1505 683 1554 partibus
714 1504 820 1542 favit.
884 1505 1260 1543 Pseudo-AEschines
1292 1505 1366 1554 Ep.
1398 1504 1494 1541 XII.
1528 1504 1667 1541 Liban.

206 1562 323 1600 Toni.
343 1565 376 1602 Ι.
396 1578 435 1615 p.
455 1569 547 1606 471.
570 1566 613 1603 Β.
634 1571 672 1603 et
691 1566 924 1616 Harpocrat.
947 1566 984 1604 in
1009 1580 1043 1605 ν.
1085 1566 1304 1615 Majestatis
1321 1572 1529 1603 accusatus
1544 1571 1603 1603 est
1616 1565 1667 1603 ab

208 1625 489 1675 Aristogitone.
552 1627 809 1665 Demosthen.
845 1628 917 1666 Or.
955 1628 987 1664 I.
1023 1628 1111 1666 adv.
1148 1628 1352 1677 Aristogit.
1389 1631 1422 1675 ς.
1458 1627 1493 1664 ι’.
1561 1626 1669 1665 Tulit

111 1689 188 1724 155
206 1685 330 1735 legem
349 1687 398 1724 de
417 1701 509 1726 cura.
530 1689 706 1738 pecuniae
727 1689 927 1727 theatralis
949 1688 1088 1726 scribae
1109 1688 1404 1727 committenda.
1462 1687 1667 1725 AEschines

207 1760 241 1784 c.
271 1748 449 1798 Ctesiph.
477 1751 509 1795 ξ.
530 1752 590 1786 ια’.
619 1756 658 1787 et
687 1750 740 1787 ibi
767 1749 929 1800 Taylor.
986 1750 1212 1787 Praeteritus
1238 1755 1297 1787 est
1328 1763 1349 1787 a
1381 1751 1545 1800 populo,
1578 1761 1667 1786 cum

205 1807 436 1858 deligendus
456 1816 571 1856 esset,
592 1811 660 1860 qui
682 1811 895 1848 orationem
918 1811 1119 1848 funebrem
1140 1811 1313 1848 haberet.
1335 1810 1595 1848 Demosthen.
1617 1808 1666 1847 de

205 1868 296 1907 Cor.
318 1873 351 1918 ξ.
372 1871 445 1916 πη’.
502 1871 620 1909 Periit
643 1870 813 1921 denique
843 1885 918 1909 una
936 1885 1025 1909 cum
1048 1872 1173 1908 amico
1195 1885 1281 1915 suo,
1305 1871 1517 1909 Phocione.
1574 1870 1665 1908 Plu-

205 1930 328 1968 tarch.
361 1931 483 1968 Phoc.
506 1945 544 1981 p.
566 1936 656 1972 757.
678 1933 724 1970 C.
753 1936 846 1973 758.
869 1933 913 1968 Β.

259 1991 414 2029 XXXI.
436 1993 712 2039 APHAREUS‚
729 1994 912 2031 Isocratis
927 1993 1139 2044 privignus,
1151 1999 1187 2031 et
1202 2006 1272 2043 per
1287 1993 1536 2041 adoptionem
1553 1992 1666 2039 filius,

205 2054 402 2089 orationes
420 2054 608 2103 quasdam
637 2054 806 2103 scripsit.
864 2055 1238 2093 Pseudo-Plutarch.
1260 2068 1299 2105 p.
1318 2059 1409 2093 838.
1432 2056 1476 2093 Β.
1497 2061 1536 2093 et
1555 2054 1666 2093 Suid.

205 2114 240 2150 in
264 2127 296 2151 v.
344 2113 438 2162 Ejus
460 2115 672 2153 orationem
693 2116 784 2167 πρὸς
806 2116 1072 2165 ἸΝῙεγακλείδην
1097 2119 1179 2166 περὶ
1198 2124 1263 2162 τῆς
1285 2117 1508 2159 ἀντιδόσεως
1534 2116 1667 2154 laudat

208 2174 370 2225 Dionys.
388 2175 514 2213 Halic.
538 2177 575 2213 in
597 2177 761 2215 Isocrat.
785 2190 821 2226 p.
845 2181 934 2214 102.

269 2236 446 2273 XXXH.
485 2238 880 2283 MENESAECHMUS,
912 2239 1078 2276 acerbus
1114 2245 1153 2275 et
1188 2238 1394 2275 vehemens
1429 2237 1591 2276 aliorum
1624 2250 1666 2276 se

206 2296 407 2334 meliorum
429 2304 648 2344 accusator,
668 2299 737 2348 qui
760 2312 836 2336 non
859 2299 974 2336 modo
998 2300 1231 2349 Lycurgum,
1258 2299 1325 2336 sed
1346 2299 1462 2336 etiam
1485 2298 1665 2348 ejusdem

205 2357 348 2394 mortui
372 2357 514 2396 liberos
541 2360 700 2396 vexavit.
763 2359 1139 2398 Pseudo-Plutarch.
1169 2361 1194 2398 Ι.
1223 2373 1257 2398 c.
1284 2373 1324 2410 p.
1354 2363 1447 2397 842.
1479 2359 1529 2396 D.
1559 2361 1604 2398 E.
1625 2368 1666 2399 et

205 2417 368 2456 Photius
390 2419 414 2456 l.
434 2433 466 2456 c.
490 2433 528 2469 p.
552 2424 667 2459 1486.
697 2422 861 2460 Ioannes
883 2422 1072 2459 Siceliola
1088 2421 1379 2459 Commentario
1396 2421 1482 2459 MS.
1501 2421 1540 2460 in
1563 2422 1665 2460 Her-

205 2491 356 2530 mogen.
376 2479 465 2518 ὅθεν
491 2481 767 2531 (Δημοσθένης)
788 2484 845 2520 καὶ
865 2486 913 2535 τῷ
938 2482 1039 2535 δήμῳ
1066 2483 1197 2534 γράφει
1223 2485 1292 2525 τὰς
1318 2482 1539 2529 ἐπιστολάς,
1559 2498 1666 2521 συκο-

203 2543 471 2591 φαντουμένοις
497 2547 577 2585 τοῖς
605 2542 829 2594 Λυκούργου
856 2552 921 2583 τοῦ
947 2545 1099 2595 ῥήτορος
1126 2545 1259 2581 παισὶν
1283 2543 1355 2580 ὑπὸ
1387 2543 1664 2598 Μενεσαίχμου

204 2601 402 2653 προθύμως
421 2603 636 2654 ἐπικουρῶν.
694 2605 783 2655 Ipse
800 2605 916 2643 etiarn
933 2619 954 2643 a
970 2606 1150 2656 Lycurgo
1164 2611 1370 2642 accusatus
1383 2611 1453 2642 est.
1494 2604 1666 2643 Pseudo·

205 2665 401 2704 Plutarch.
425 2666 449 2703 Ι.
470 2679 505 2704 c.
528 2679 565 2716 p.
586 2670 677 2704 843.
699 2667 746 2705 C.
796 2668 917 2705 Porro
938 2674 1175 2705 memoratur
1194 2667 1294 2704 inter
1319 2679 1402 2712 eoS,
1426 2666 1491 2716 qui
1517 2667 1662 2705 Demo-

204 2726 378 2764 sthenem
413 2734 574 2778 propter
606 2734 807 2778 acceptam
841 2731 1045 2778 pecuniam
1078 2728 1326 2778 Harpalicam
1363 2739 1469 2764 reum
1501 2728 1660 2778 egerint.

204 2787 577 2828 Pseudo-Plutarch.
600 2790 623 2827 Ι.
646 2803 678 2827 c.
701 2803 737 2839 p.
755 2793 848 2828 846.
870 2790 914 2827 C.
956 2791 1051 2836 Sed,
1073 2791 1199 2840 qualis
1222 2789 1351 2835 suerit,
1372 2789 1508 2827 melius
1525 2790 1662 2828 intelli-

203 2846 304 2896 gitur
323 2861 368 2885 εκ
392 2849 581 2901 Dionysio
603 2850 729 2889 Halic.
751 2851 787 2887 in
810 2851 1009 2888 Dinarcho
1030 2854 1060 2897 ς.
1084 2852 1144 2888 ια’.
1167 2853 1396 2902 ἀφαιροῦμαι
1416 2849 1453 2888 δὲ
1473 2851 1559 2893 τοὺς
1579 2851 1660 2902 περὶ

203 2906 478 2961 ῙὶίενεσιιίχμουΙ
491 2914 628 2959 λόγους
652 2913 899 2963 ἀμφοτέρους,
916 2911 1124 2964 Δεινάρχου
1139 2934 1190 2942 -·
1206 2911 1265 2949 διά
1284 2927 1321 2949 τε
1342 2911 1406 2950 τὸν
1426 2918 1656 2964 χαρακτῆρα·
