1816 3272
326 246 509 288 ΠΕΡΙ
568 247 746 288 ΤΩΝ
802 244 1331 288 Μ’ΥΣΤΗΡΙΩΝ.

1445 234 1551 288 263

0 383 47 419 13.
62 381 85 415 1
101 359 130 422 ἢ
153 359 220 412 νῦν
245 360 265 412 ὃ
291 359 570 421 οἷποκτεινοις
594 384 644 413 σε
665 359 868 461 κοιΙθοιξος
889 359 972 418 τοὶς
996 384 1153 435 χειξας
1169 361 1322 423 ἔσται,
1350 359 1482 412 κατ-α’
1501 384 1555 426 ’γε

37 1158 89 1193 10

104 435 179 486 τᾶν
207 433 400 495 Σόλωνος
420 456 569 507 νομονς
609 459 687 486 και

104 511 184 571 τῆς
210 511 395 572 στήλης

728 435 837 504 Ῑμθι
875 433 1103 500 αναγνωθι
1142 459 1213 487 ‘toll
1249 459 1368 505 νθμθν
1395 459 1470 486 7ον
1508 458 1558 486 en

722 651 937 689 ΝΟΜΟΣ.

192 739 305 775 Ἔδοξε
322 741 365 782 τῇ
379 738 489 781 βουλῇ
505 739 557 770 καὶ
576 740 624 780 τῷ
643 737 747 781 ὂὴμῳ,

767 742 779 760 ²
793 739 932 777 Αἰαντὶς
948 737 1165 781 ἐπρυτάνευε,
1184 737 1375 781 Κλεογένης
1391 737 1558 780 ἐγραμμά-

243 798 327 821 τευε,
347 787 477 825 Βοηθὸς
495 785 680 817 ἐπεστάτει.
707 784 783 817 τάδε
800 785 1021 828 Δημόφαντος
1047 784 1269 827 συνέγραψεν.

244 831 337 864 τοῦδε
355 835 413 865 τοῦ
429 832 648 874 ψηφίσματος,
666 831 686 870 ἡ
700 832 822 873 βουλὴ,
842 833 871 864 οὶ
888 832 1103 864 πεντακόσιοι
1117 832 1285 874 λαχόντες
1301 834 1348 874 τῷ
1363 831 1488 873 κυάμῳ,
1505 831 1558 863 ὅτε
1576 832 1628 866 48

247 878 437 922 Κλεογένης
457 882 589 921 πρῶτος
609 879 868 922 ἐγραμμάτευεν.

1296 783 1309 802 ³
1319 784 1416 827 ἄρχει
1438 785 1560 827 χρόνος

916 878 1000 911 Ἐάν
1019 891 1068 916 τις
1088 878 1311 922 δημοκρατίαν
1327 878 1476 920 καταλύῃ
1494 879 1559 916 τὴν

243 925 445 969 Ἀθήνῃσιν,
465 927 485 965 ὴ
508 925 621 967 ἀρχὴν
646 938 723 958 τινα
744 927 832 968 ἄρχῃ
854 925 1127 968 καταλελυμένης
1145 928 1208 964 τῆς
1225 925 1446 968 δημοκρατίας
1462 924 1560 956 πολέ-

245 985 318 1015 μιος
334 973 427 1004 ἔσται
442 972 646 1011 Ἀθηναίων,
665 974 718 1004 καὶ
741 975 879 1012 νηποινὶ
900 973 1062 1011 τεθνάτω,
1081 973 1134 1004 καὶ
1150 973 1191 1004 τὰ
1209 972 1368 1014 χρήματα
1384 971 1486 1003 αὐτοῦ
1504 970 1561 1010 δη·

245 1021 345 1061 μόσια
362 1019 459 1059 ἔστω,
478 1020 531 1051 καὶ
546 1022 608 1058 τῆς
625 1019 698 1051 Θεοῦ
711 1021 748 1051 τὸ
765 1019 971 1051 ἐπιδέκατον·
990 1019 1007 1051 ὁ
1025 1018 1057 1050 δὲ
1075 1019 1278 1057 ἀποκτείνας
1293 1020 1354 1050 τὸν
1368 1020 1474 1050 ταῦτα
1488 1029 1561 1049 ποι-

246 1065 380 1105 ἡσαντα
393 1067 447 1098 καὶ
461 1066 478 1097 ὁ
493 1066 749 1108 συμβουλεύσας
764 1066 853 1105 ὅσιος
866 1066 948 1098 ἔστω
967 1067 1021 1098 καὶ
1037 1066 1173 1109 εὐαγής.
1189 1066 1309 1108 ὀμόσαι
1321 1064 1347 1096 δ’
1359 1063 1562 1104 Ἀθηναίους

248 1114 407 1151 ἅπαντας
423 1112 497 1144 καθ’
519 1113 613 1155 ἱερῶν
636 1114 782 1153 τελείων,
807 1114 892 1145 κατὰ
909 1114 1016 1155 φυλὰς
1032 1114 1084 1144 καὶ
1099 1113 1184 1144 κατὰ
1198 1112 1333 1155 δήμους,
1349 1112 1561 1143 ἀποκτείνειν

248 1161 309 1192 τὸν
345 1162 452 1192 ταῦτα
477 1159 681 1199 ποιήσαντα.
721 1161 738 1192 ὁ
765 1160 796 1191 δὲ
823 1160 917 1203 ὅρκος
932 1160 1014 1192 ἔστω
1045 1159 1109 1191 ὅδε·
1145 1163 1282 1192 Κτενῶ
1308 1161 1357 1201 τῇ
1383 1159 1559 1201 ἐμαυτοῦ

151 1237 161 1256 ¹
179 1238 276 1266 Deest
290 1248 350 1276 μοι.
480 1240 493 1258 2⁷
507 1237 636 1277 Αἰαντὶς]
652 1236 697 1267 ἐάν
712 1249 756 1272 τις

108 1314 206 1343 aiens:
230 1313 378 1365 Profecto,
395 1325 410 1343 ο
427 1313 556 1353 Epzchav
557 1325 594 1350 es
608 1312 671 1355 (ώ’
674 1315 815 1356 Επιχάρη,

107 1354 195 1386 vel*
173 1369 193 1386 ω
209 1355 377 1398 Ἐπίχαρες)
391 1359 440 1397 qui
455 1362 483 1386 te
499 1368 580 1387 nunc
594 1359 743 1394 occiderit,
763 1369 817 1387 σιε-

108 1401 153 1430 dis
162 1411 217 1429 ποη
230 1403 374 1436 aritiens,
383 1401 533 1438 sedpurus
546 1401 688 1430 manibus.
712 1401 779 1430 Ita
771 1411 815 1429 1η-

108 1443 154 1472 fra
165 1444 257 1481 p.15.
273 1454 303 1472 v.
319 1446 369 1473 90.
385 1444 433 1472 ed.
446 1444 554 1481 Steph.
570 1444 643 1472 ἄλλο
657 1455 688 1472 τι
704 1443 718 1474 ἦ
735 1442 818 1477 αὐτὸς

109 1486 165 1524 μὲν
176 1485 258 1516 αὑτὸν
266 1486 414 1515 ἀπώλλυον
427 1498 432 1515 :
451 1496 481 1524 p.
492 1489 543 1516 21.
562 1497 591 1515 v.
602 1489 653 1517 43.
671 1486 744 1516 ἄλλο
760 1498 789 1515 τι
803 1485 818 1516 ²⁵2

108 1531 150 1558 τὰ
164 1528 290 1568 ὑμέτερα.
299 1529 365 1567 ὑμῖν
381 1528 506 1558 διδόασιῑ
524 1539 554 1567 p.
570 1531 622 1558 2¹¹4.
635 1539 664 1558 v.
675 1531 725 1559 33.
745 1530 818 1557 ἄλλο

108 1583 140 1601 ’τι
156 1570 170 1602 ἢ
186 1573 272 1601 τοῦτο
287 1578 355 1602 caet.
399 1573 447 1601 lta
461 1572 538 1600 enim
557 1577 587 1600 et
601 1571 657 1600 illo
678 1572 747 1600 loeo
774 1571 817 1600 le-

111 1615 242 1653 gendum
258 1619 318 1650 est,
336 1615 386 1652 qui
404 1615 522 1649 eodem,
539 1624 600 1653 qno
626 1614 725 1647 hicce,
742 1614 817 1643 vitio

109 1657 237 1687 laborat.
282 1657 463 1687 Herodotus
480 1658 500 1686 l.
518 1658 544 1686 1.
561 1667 588 1686 c.
604 1660 676 1688 109.
699 1657 772 1685 ἄλλο
787 1669 818 1686 τι

108 1699 123 1731 ἢ
138 1698 265 1731 λείπεται
281 1700 314 1730 τὸ
330 1699 455 1729 ἐντεῦθεν
480 1699 542 1738 ἐμοὶ
566 1700 715 1729 κινδύνων“
704 1713 715 1728 ο
730 1699 818 1738 μέγι-

107 1755 192 1776 ποςε
218 1743 330 1773 Plato·
323 1754 352 1772 111
369 1743 493 1773 Critone
510 1753 540 1781 p.
558 1745 610 1773 50.
639 1751 675 1773 A.
691 1742 763 1771 ἄλλο
785 1754 815 1772 τι

108 1785 123 1816 ἢ
138 1785 231 1824 τούτῳ
245 1787 287 1826 τῷ
300 1785 378 1826 ἔργῳ,
389 1783 412 1824 ᾧ
426 1785 587 1827 ἐπιχειρεῖς,
604 1785 692 1827 διανοῃ
708 1785 770 1820 τούς
785 1796 818 1815 τε

107 1828 206 1868 νόμους
221 1830 298 1867 ἧμῖίς
316 1828 487 1858 ἅπελὲπιιε
511 1830 668 1866 ρ.52.1).
691 1828 765 1857 ἄλλο
787 1840 818 1858 ’τι

108 1871 123 1904 ἢ
139 1872 330 1911 ὁμολογῶμεν.
339 1889 382 1894 -—
384 1871 478 1901 Αλλο
493 1869 608 1902 affy—»51
628 1871 818 1910 ξυνθήκας-

109 1913 309 1954 παςαβαίνειςε
342 1916 387 1952 1.)
391 1925 452 1944 sris
475 1914 818 1954 ρ.161.ν.31.ἄλλο

108 1969 139 1987 τι
163 1961 205 1986 οὐν
226 1957 343 1996 ἀξιοῖς“
332 1970 346 1988 n
368 1957 537 1988 ἀποθανεινε
560 1968 619 1996 qun
647 1958 716 1987 loco
743 1957 816 1987 item

108 2000 188 2030 male
204 2001 252 2031 οὐκ
266 2000 397 2030 intrudit
414 2001 491 2030 Reis
494 2001 575 2030 kins.
601 2000 715 2030 Eadem
732 2001 817 2029 locu-

109 2043 153 2073 tio
165 2048 212 2073 est
226 2044 305 2083 apud
321 2043 573 2081 Aristophanem'
566 2054 595 2072 111
609 2044 689 2073 Pace
700 2054 730 2073 v.
742 2046 816 2074 9522.

110 2087 280 2118 Ecclesiaz.
304 2097 333 2115 v.
355 2088 430 2117 395.
455 2092 485 2116 et
508 2088 583 2116 766.
611 2086 702 2126 paulo
729 2086 818 2116 aliter

109 2130 194 2160 Nub.
207 2140 238 2159 v.
255 2131 329 2160 653.

174 2197 225 2234 Τίς
237 2199 324 2232 ἄλλος
340 2198 402 2228 ἀντὶ
417 2198 530 2229 τουτουὶ·
545 2199 594 2228 τοῦ
611 2198 762 2228 δακτύλου.

111 2260 198 2290 Conf.
215 2259 266 2288 Fr.
284 2259 416 2298 Vigerus
433 2259 472 2288 de
491 2258 655 2288 idiotismis
671 2259 705 2287 11.
723 2259 776 2287 Gr.
791 2268 819 2287 ο.

110 2305 142 2333 3.
159 2312 186 2332 5.
202 2306 252 2332 11.
268 2301 295 2341 ᾗ.
312 2305 341 2332 8.
363 2313 394 2341 p.
409 2303 481 2332 15⁴3.
516 2301 676 2330 Markland
693 2301 730 2330 ad
749 2301 780 2330 d.
797 2300 818 2329 1.

110 2345 213 2384 Lysiae
230 2350 261 2374 et
277 2356 303 2374 o.
322 2345 438 2375 Andoc.
458 2355 489 2383 p.
507 2346 578 2374 103.
596 2354 627 2382 p.
643 2346 695 2374 30.
719 2343 820 2373 Aliter

111 2393 211 2418 tamen
229 2387 479 2422 Valckenaerius,
495 2388 547 2426 qui
563 2387 758 2417 existimabat
776 2386 820 2416 δ’τι

111 2429 156 2462 οὖν
171 2436 203 2460 et
219 2430 233 2461 ἢ
248 2432 290 2460 νῦν
306 2431 418 2460 variam
435 2440 503 2459 esse
519 2431 656 2469 ejusdem
673 2429 760 2458 vocis
777 2429 820 2458 le·

111 2473 254 2507 ctionem,
273 2475 316 2504 ita
338 2478 371 2502 ut
385 2474 427 2503 νῦν
441 2473 593 2502 correctio
609 2477 693 2502 esset
708 2473 744 2501 ab
761 2472 820 2501 alia

111 2526 200 2546 manu
223 2517 354 2556 adiecta,
369 2522 460 2546 reetae
479 2516 621 2546 lectionis
641 2525 748 2554 nempe
764 2524 819 2553 pro

113 2564 259 2598 corrupto
273 2557 332 2588 οῧνε
356 2563 456 2611 atquwe
469 2559 513 2588 sic
537 2559 638 2588 locum
655 2557 820 2587 ‹on-stitue-

113 2603 183 2632 bat:
207 2601 277 2632 ἀλλ’
285 2601 329 2632 ἔτι
343 2603 396 2637 νῦν,
411 2604 433 2630 ὠ
449 2600 612 2642 Ἐπίχαρες,
629 2601 641 2630 ὅ
655 2599 820 2634 ἀποκτείνας

114 2654 148 2674 σε
161 2649 220 2673 caet
253 2646 423 2675 SLUITER.

154 2686 191 2717 'H
207 2686 264 2726 νῦν]
284 2687 394 2725 Lego·
384 2700 398 2717 η
415 2687 492 2725 ἧμῖν.
515 2697 601 2727 quam
622 2686 710 2715 nobis.
757 2685 819 2722 Qui

113 2733 144 2760 te
154 2729 313 2765 occiderit,
325 2740 342 2759 ο
355 2729 517 2768 Epieliare,
529 2730 649 2759 aliudne
660 2729 820 2768 quicquam

113 2782 132 2802 a
147 2773 236 2802 nobis
252 2772 396 2811 patietur,
413 2782 502 2811 quam
523 2772 591 2808 hoc,
614 2777 647 2801 ut
662 2772 821 2801 existime-

113 2819 164 2846 tur
178 2825 270 2855 puras
287 2815 372 2844 caede
389 2825 495 2844 manus
507 2815 630 2850 habere,
645 2814 674 2843 h.
689 2824 714 2843 e.
729 2814 821 2843 meri-

113 2862 178 2888 tum
189 2863 219 2888 te
232 2857 396 2891 occidisse,
409 2857 492 2886 nullo
504 2858 597 2886 caedis
606 2861 690 2887 reatu
704 2856 821 2886 teneri?

114 2901 292 2940 Responsio
308 2901 387 2930 κατά
401 2911 434 2937 γε
449 2898 495 2928 τὸν
511 2899 628 2933 Σόλωνος
640 2899 705 2939 νόμω
697 2911 730 2929 ν.
766 2901 823 2929 Se-

115 2944 246 2974 cundum
263 2943 385 2973 Solonis
400 2941 523 2981 quidem
546 2943 647 2981 legem
670 2942 753 2972 aliud
776 2942 821 2972 ni-

115 2986 160 3016 hit
180 2986 220 3021 ei,
224 2996 326 3038 “quam
349 2987 417 3019 hoo,
437 2984 568 3015 eveniet.
590 2984 675 3015 ἔσται
699 2984 807 3015 καιὸσ.“
783 2996 823 3026 ρος

116 3030 172 3062 τὰς
185 3030 295 3070 χεῖρας.
317 3038 422 3058 manus
435 3037 527 3066 puras
539 3027 674 3059 habebit.
684 3039 713 3058 v.
725 3038 756 3067 p.
770 3030 823 3062 15,

905 1239 917 1258 ³
931 1236 1029 1279 (ἄξχει
1042 1253 1054 1260 -
1068 1254 1082 1260 -
1094 1253 1106 1260 -
1116 1235 1362 1278 ἔγξαμμάτευεν.)
1378 1236 1440 1266 vid.
1455 1241 1518 1265 not.

852 1316 903 1345 20.
917 1315 967 1343 ed.
977 1314 1084 1352 Steph.
1098 1314 1219 1346 Rmsx.

894 1356 956 1386 Ἐάν
987 1357 1047 1397 τις]
1079 1362 1117 1386 Π.
1145 1354 1268 1389 Αἶαν-τίς.
1306 1355 1348 1386 Η.
1381 1355 1560 1385 STEPHAN.

850 1401 938 1430 Idem
955 1400 985 1429 in
1002 1400 1151 1439 Scaligeri
1167 1409 1289 1438 quoque
1307 1399 1428 1428 schedis
1448 1398 1560 1436 reperi.

851 1444 974 1473 Rmsx.

894 1485 955 1515 Ἐάν
970 1496 1016 1518 τις
1032 1483 1211 1524 ἐπρυτάνευε]
1241 1483 1414 1515 Verissima
1429 1487 1476 1512 est
1492 1484 1562 1512 Ste-

851 1528 943 1567 phani
959 1534 989 1557 et
1001 1528 1150 1566 Scaligeri
1163 1527 1336 1557 emendatio
1351 1526 1465 1559 Αἰαντὶς
1479 1525 1562 1565 {75ng-

851 1572 957 1600 τάνευε.
1005 1571 1151 1609 Idemque
1169 1571 1340 1607 conjecerat
1357 1569 1414 1598 Vir
1432 1571 1562 1603 Doctus,

851 1614 903 1652 qui
920 1614 957 1642 ad
970 1613 1114 1643 Aldinam
1130 1613 1196 1642 haeo
1216 1617 1351 1642 notarat:
1377 1612 1493 1642 videtur
1506 1620 1562 1640 esse

851 1663 1023 1694 corruptum
1045 1666 1078 1686 ex
1101 1656 1200 1695 aliquo
1217 1656 1330 1685 nomine
1345 1656 1477 1693 proprio.-
1501 1654 1562 1694 leg.

852 1697 973 1731 Αἷαντίς·
1003 1698 1066 1728 ἔστι
1098 1698 1126 1728 δὲ
1156 1698 1242 1737 φυλή.
1303 1698 1449 1730 Solebant
1480 1697 1561 1726 enim

852 1742 1055 1772 Athenienses
1084 1741 1228 1771 Decretis
1255 1740 1482 1780 superscribere
1507 1750 1561 1769 no·

852 1795 918 1814 men
934 1785 1061 1819 Tribus,
1078 1795 1094 1814 e
1111 1795 1170 1823 qna
1193 1786 1340 1823 Prytanes
1353 1784 1406 1813 illo
1421 1787 1560 1822 tempore

851 1828 976 1857 Senatui
993 1833 1156 1866 praeerant,
1171 1826 1245 1857 item
1268 1827 1427 1866 Epistatae,
1444 1826 1560 1856 Scribae

852 1875 883 1901 et
900 1871 1051 1905 Oratoris,
1061 1870 1113 1909 qni
1126 1871 1239 1909 Legem
1252 1875 1401 1908 rogasset,
1413 1869 1480 1899 sive
1496 1870 1561 1899 De-

852 1919 966 1944 cretum
990 1913 1215 1953 proposuisset.
1238 1913 1326 1942 Conf.
1343 1923 1374 1951 p.
1394 1914 1444 1941 10.
1459 1923 1489 1942 v.
1507 1913 1560 1942 3⁶2.

852 1961 883 1986 et
899 1967 929 1995 p.
947 1959 997 1986 11.
1013 1967 1044 1986 v.
1062 1959 1115 1986 ¹24.
1130 1956 1178 1985 ed.
1195 1956 1302 1995 Steph.
1338 1955 1562 1993 Exemplorum

852 2000 965 2029 affatim
987 2000 1127 2038 praebent
1154 2000 1315 2029 Orationes
1340 1997 1560 2028 Demosthenis

851 2053 908 2082 pro
924 2044 1044 2072 Corona
1055 2047 1086 2072 et
1101 2043 1131 2071 in
1144 2043 1359 2072 Timocratem.
1387 2041 1561 2071 Atticorum

854 2085 1101 2124 Psephismatum
1133 2086 1259 2115 formam
1284 2086 1382 2114 facete
1411 2084 1449 2113 ad
1476 2085 1560 2113 Deos

851 2128 1006 2158 transtulit
1023 2128 1176 2158 Lucianus
1189 2128 1220 2157 in
1234 2128 1329 2157 Deor.
1343 2127 1459 2156 Concil.
1476 2127 1560 2165 Opp.

851 2172 887 2200 T.
899 2172 960 2200 111.
976 2181 1006 2209 p.
1020 2173 1093 2202 536.
1104 2182 1133 2209 q.
1144 2171 1164 2200 l.
1175 2173 1331 2200 Gesnerus
1343 2171 1418 2199 hanc
1430 2169 1520 2199 etiam
1531 2169 1562 2198 in

853 2213 1015 2243 Andocide
1032 2214 1271 2243 emendationem
1288 2213 1434 2252 prodidit.
1471 2211 1563 2241 Simi-

853 2257 913 2285 lem
945 2257 1090 2286 SCtorum
1126 2257 1251 2286 formam
1286 2257 1393 2293 jocose
1423 2254 1563 2284 innitatur

853 2299 1078 2337 Aristophanes
1101 2299 1323 2338 Thesmophor.
1339 2309 1371 2328 v.
1386 2299 1462 2329 379.
1476 2308 1560 2336 seqq.

853 2342 941 2372 Conf.
964 2342 1109 2381 Sigonius
1134 2343 1173 2372 de
1198 2341 1333 2381 Republ.
1349 2342 1460 2371 Athen.
1477 2341 1499 2370 l.
1514 2341 1560 2371 11.

854 2386 1022 2415 81011511.

892 2427 1059 2468 “Ἀςχει-]
1082 2428 1185 2457 Verba
1207 2428 1245 2457 ab
1271 2426 1353 2468 ἄρχει
1380 2426 1418 2456 ad
1446 2425 1491 2456 ἐάν
1517 2438 1564 2460 τις

854 2481 945 2500 versu
969 2473 1000 2501 8.
1024 2481 1081 2500 non
1107 2475 1177 2500 sunt
1199 2471 1291 2509 legis,
1318 2470 1371 2500 sed
1394 2469 1562 2499 Andocidis

855 2514 964 2552 ipsius,
979 2513 1191 2544 auctoritatem
1208 2514 1288 2552 legis
1301 2524 1340 2543 ex
1353 2512 1517 2542 sedulitate
1530 2516 1563 2540 et

854 2556 1013 2593 diligentia
1039 2562 1160 2596 tempus
1187 2557 1350 2586 annotandi
1371 2554 1562 2585 inculcantis.

856 2600 971 2629 Rmsx.

897 2640 1024 2682 Πρῶτος]
1050 2641 1131 2671 Num
1158 2644 1274 2682 πρῶτον.
1297 2651 1365 2670 cum
1391 2639 1562 2678 Cleogenes

854 2685 984 2723 primum
995 2684 1091 2724 coepit
1101 2685 1283 2725 scripturam
1296 2684 1408 2713 facere.
1432 2683 1479 2711 An
1493 2687 1562 2711 ante

854 2728 1038 2764 Cleon-enem
1065 2729 1174 2757 scribae.
1201 2727 1274 2757 nulli
1300 2727 1431 2759 sue1·‚unt
1454 2729 1487 2754 ut
1509 2724 1562 2754 ille

854 2775 938 2800 reete
954 2773 1064 2811 πρῶτος
1078 2771 1212 2800 omnium
1227 2770 1355 2808 primus,
1365 2768 1471 2797 ordine
1487 2771 1564 2796 tem-

854 2813 950 2852 poris,
966 2813 1156 2852 appelletur.
1179 2814 1285 2842 lum.

892 2855 1014 2896 Ἐσται]
1032 2861 1069 2884 Π.
1086 2855 1173 2885 ἔστω.
1198 2855 1239 2883 Η.
1259 2855 1435 2883 STEPHAN-

897 2898 936 2928 Τό
959 2897 1144 2938 ἐπιδέκατον]
1167 2897 1239 2926 vid.
1262 2897 1380 2926 Meurs
1395 2895 1461 2925 Ait.
1475 2895 1563 2924 Lect.

855 2942 1035 2971 l.V.c.1S.

899 2982 1020 3022 Ταῦτα]
1045 2982 1105 3012 Illa
1120 2991 1211 3011 versu
1226 2983 1255 3011 8.
1271 2985 1302 3011 et
1316 2983 1347 3012 9
1369 2979 1523 3017 indicata,
1530 2984 1564 3011 et

855 3037 886 3065 p.
903 3028 977 3056 ⁶264.
995 3029 1024 3055 1.
1041 3024 1184 3064 repetita.
1206 3025 1327 3055 Rsrsx.
