<?xml version="1.0" encoding="UTF-8"?>
<!DOCTYPE html PUBLIC "-//W3C//DTD XHTML 1.0 Transitional//EN"
    "http://www.w3.org/TR/xhtml1/DTD/xhtml1-transitional.dtd">
<html xmlns="http://www.w3.org/1999/xhtml" xml:lang="en" lang="en">
 <head>
  <title>
</title>
<meta http-equiv="Content-Type" content="text/html;charset=utf-8" />
  <meta name='ocr-system' content='tesseract 3.04.00' />
  <meta name='ocr-capabilities' content='ocr_page ocr_carea ocr_par ocr_line ocrx_word'/>
</head>
<body>
  <div class='ocr_page' id='page_1' title='image "./oratoresatticie01dobs_0298.png"; bbox 0 0 1818 3189; ppageno 0'>
   <div class='ocr_carea' id='block_1_1' title="bbox 268 206 1419 253">
    <p class='ocr_par' dir='ltr' id='par_1_1' title="bbox 268 206 1419 253">
     <span class='ocr_line' id='line_1_1' title="bbox 268 206 1419 253; baseline -0.003 0"><span class='ocrx_word' id='word_1_1' title='bbox 268 211 351 253; x_wconf 83' lang='lat'>226</span> <span class='ocrx_word' id='word_1_2' title='bbox 552 208 588 248; x_wconf 91' lang='lat' dir='ltr'>I.</span> <span class='ocrx_word' id='word_1_3' title='bbox 619 207 744 249; x_wconf 91' lang='grc' dir='ltr'><strong>ΟΤΤ.</strong></span> <span class='ocrx_word' id='word_1_4' title='bbox 774 206 1047 248; x_wconf 84' lang='lat' dir='ltr'><strong>SLUITERI</strong></span> <span class='ocrx_word' id='word_1_5' title='bbox 1083 207 1419 249; x_wconf 86' lang='lat' dir='ltr'>PRAEFATIO.</span> 
     </span>
    </p>
   </div>
   <div class='ocr_carea' id='block_1_2' title="bbox 268 315 1733 2035">
    <p class='ocr_par' dir='ltr' id='par_1_2' title="bbox 268 315 1719 493">
     <span class='ocr_line' id='line_1_2' title="bbox 270 315 1717 368; baseline -0.001 -12"><span class='ocrx_word' id='word_1_6' title='bbox 270 318 432 357; x_wconf 86' lang='lat' dir='ltr'>maxime</span> <span class='ocrx_word' id='word_1_7' title='bbox 460 317 615 367; x_wconf 88' lang='lat' dir='ltr'>quidem</span> <span class='ocrx_word' id='word_1_8' title='bbox 637 329 757 368; x_wconf 87' lang='lat' dir='ltr'>quum</span> <span class='ocrx_word' id='word_1_9' title='bbox 779 329 854 354; x_wconf 92' lang='lat' dir='ltr'>non</span> <span class='ocrx_word' id='word_1_10' title='bbox 875 322 1025 355; x_wconf 88' lang='lat' dir='ltr'>tantum</span> <span class='ocrx_word' id='word_1_11' title='bbox 1053 320 1204 354; x_wconf 80' lang='lat' dir='ltr'>nostras</span> <span class='ocrx_word' id='word_1_12' title='bbox 1224 315 1467 365; x_wconf 84' lang='lat' dir='ltr'>conjecturas</span> <span class='ocrx_word' id='word_1_13' title='bbox 1487 320 1526 353; x_wconf 92' lang='lat' dir='ltr'>et</span> <span class='ocrx_word' id='word_1_14' title='bbox 1545 315 1717 355; x_wconf 86' lang='lat' dir='ltr'>animad-</span> 
     </span>
     <span class='ocr_line' id='line_1_3' title="bbox 268 377 1719 425; baseline -0.001 -8"><span class='ocrx_word' id='word_1_15' title='bbox 268 381 462 418; x_wconf 81' lang='lat' dir='ltr'>versiones</span> <span class='ocrx_word' id='word_1_16' title='bbox 495 378 660 417; x_wconf 81' lang='lat' dir='ltr'>fortasse</span> <span class='ocrx_word' id='word_1_17' title='bbox 693 379 868 425; x_wconf 82' lang='lat' dir='ltr'>leviores,</span> <span class='ocrx_word' id='word_1_18' title='bbox 899 378 967 416; x_wconf 88' lang='lat' dir='ltr'>sed</span> <span class='ocrx_word' id='word_1_19' title='bbox 994 385 1033 417; x_wconf 89' lang='lat' dir='ltr'>et</span> <span class='ocrx_word' id='word_1_20' title='bbox 1066 377 1222 416; x_wconf 88' lang='lat' dir='ltr'>Codicis</span> <span class='ocrx_word' id='word_1_21' title='bbox 1252 378 1340 416; x_wconf 90' lang='lat' dir='ltr'>MS.</span> <span class='ocrx_word' id='word_1_22' title='bbox 1372 377 1657 423; x_wconf 83' lang='lat' dir='ltr'>auctoritatem,</span> <span class='ocrx_word' id='word_1_23' title='bbox 1678 384 1719 416; x_wconf 87' lang='lat' dir='ltr'>et</span> 
     </span>
     <span class='ocr_line' id='line_1_4' title="bbox 268 439 1491 493; baseline -0.002 -15"><span class='ocrx_word' id='word_1_24' title='bbox 268 441 541 479; x_wconf 77' lang='lat' dir='ltr'>Valckenaerii</span> <span class='ocrx_word' id='word_1_25' title='bbox 562 441 754 493; x_wconf 82' lang='lat' dir='ltr'>ingenium</span> <span class='ocrx_word' id='word_1_26' title='bbox 778 447 816 479; x_wconf 91' lang='lat' dir='ltr'>et</span> <span class='ocrx_word' id='word_1_27' title='bbox 836 440 1004 491; x_wconf 86' lang='lat' dir='ltr'>copiam,</span> <span class='ocrx_word' id='word_1_28' title='bbox 1025 439 1253 488; x_wconf 83' lang='lat' dir='ltr'>adjumenta</span> <span class='ocrx_word' id='word_1_29' title='bbox 1273 439 1491 477; x_wconf 82' lang='lat' dir='ltr'>afferamus.</span> 
     </span>
    </p>

    <p class='ocr_par' dir='ltr' id='par_1_3' title="bbox 268 501 1733 2035">
     <span class='ocr_line' id='line_1_5' title="bbox 323 501 1717 554; baseline -0.001 -14"><span class='ocrx_word' id='word_1_30' title='bbox 323 504 392 540; x_wconf 86' lang='lat' dir='ltr'>Est</span> <span class='ocrx_word' id='word_1_31' title='bbox 428 509 557 541; x_wconf 89' lang='lat' dir='ltr'>autem</span> <span class='ocrx_word' id='word_1_32' title='bbox 592 503 951 554; x_wconf 68' lang='lat' dir='ltr'>praestantissimum</span> <span class='ocrx_word' id='word_1_33' title='bbox 985 501 1126 552; x_wconf 83' lang='lat' dir='ltr'>ingenii</span> <span class='ocrx_word' id='word_1_34' title='bbox 1157 501 1376 539; x_wconf 85' lang='lat' dir='ltr'>Andocidei</span> <span class='ocrx_word' id='word_1_35' title='bbox 1412 507 1717 547; x_wconf 89' lang='lat' dir='ltr'><strong>monumentum,</strong></span> 
     </span>
     <span class='ocr_line' id='line_1_6' title="bbox 271 563 1720 615; baseline 0.001 -14"><span class='ocrx_word' id='word_1_36' title='bbox 271 564 376 612; x_wconf 88' lang='lat' dir='ltr'>quod</span> <span class='ocrx_word' id='word_1_37' title='bbox 407 577 547 615; x_wconf 86' lang='lat' dir='ltr'>magno</span> <span class='ocrx_word' id='word_1_38' title='bbox 578 579 668 603; x_wconf 86' lang='lat' dir='ltr'>cum</span> <span class='ocrx_word' id='word_1_39' title='bbox 697 566 893 604; x_wconf 83' lang='lat' dir='ltr'>literarum</span> <span class='ocrx_word' id='word_1_40' title='bbox 924 564 1030 601; x_wconf 90' lang='lat' dir='ltr'>bono</span> <span class='ocrx_word' id='word_1_41' title='bbox 1059 564 1266 601; x_wconf 75' lang='lat' dir='ltr'><strong>etiamnum</strong></span> <span class='ocrx_word' id='word_1_42' title='bbox 1297 563 1497 610; x_wconf 80' lang='lat' dir='ltr'>habemus,</span> <span class='ocrx_word' id='word_1_43' title='bbox 1517 563 1656 601; x_wconf 84' lang='lat' dir='ltr'>Oratio</span> <span class='ocrx_word' id='word_1_44' title='bbox 1675 563 1720 602; x_wconf 81' lang='lat' dir='ltr'>de</span> 
     </span>
     <span class='ocr_line' id='line_1_7' title="bbox 269 624 1719 676; baseline 0 -13"><span class='ocrx_word' id='word_1_45' title='bbox 269 625 493 676; x_wconf 76' lang='lat' dir='ltr'>Il1ysteriis,</span> <span class='ocrx_word' id='word_1_46' title='bbox 517 627 556 664; x_wconf 91' lang='lat' dir='ltr'>in</span> <span class='ocrx_word' id='word_1_47' title='bbox 577 641 665 676; x_wconf 90' lang='lat' dir='ltr'>qua,</span> <span class='ocrx_word' id='word_1_48' title='bbox 683 641 770 666; x_wconf 87' lang='lat' dir='ltr'>cum</span> <span class='ocrx_word' id='word_1_49' title='bbox 786 627 835 665; x_wconf 83' lang='lat' dir='ltr'>ab</span> <span class='ocrx_word' id='word_1_50' title='bbox 855 625 1082 663; x_wconf 86' lang='lat' dir='ltr'>adversariis</span> <span class='ocrx_word' id='word_1_51' title='bbox 1099 625 1279 671; x_wconf 75' lang='grc' dir='ltr'>ἐνδείξεως</span> <span class='ocrx_word' id='word_1_52' title='bbox 1298 625 1448 663; x_wconf 82' lang='lat' dir='ltr'>actione</span> <span class='ocrx_word' id='word_1_53' title='bbox 1470 626 1510 662; x_wconf 94' lang='lat' dir='ltr'>in</span> <span class='ocrx_word' id='word_1_54' title='bbox 1523 624 1719 674; x_wconf 85' lang='lat' dir='ltr'>judicium</span> 
     </span>
     <span class='ocr_line' id='line_1_8' title="bbox 269 685 1721 738; baseline -0.001 -12"><span class='ocrx_word' id='word_1_55' title='bbox 269 694 485 736; x_wconf 85' lang='lat' dir='ltr'>vocaretur,</span> <span class='ocrx_word' id='word_1_56' title='bbox 502 690 718 734; x_wconf 82' lang='lat' dir='ltr'>contendit,</span> <span class='ocrx_word' id='word_1_57' title='bbox 735 703 775 728; x_wconf 91' lang='lat' dir='ltr'>se</span> <span class='ocrx_word' id='word_1_58' title='bbox 795 701 922 738; x_wconf 88' lang='lat' dir='ltr'>neque</span> <span class='ocrx_word' id='word_1_59' title='bbox 942 699 1142 736; x_wconf 83' lang='lat' dir='ltr'>peccasse,</span> <span class='ocrx_word' id='word_1_60' title='bbox 1155 700 1295 737; x_wconf 91' lang='lat' dir='ltr'>neque,</span> <span class='ocrx_word' id='word_1_61' title='bbox 1315 686 1344 724; x_wconf 90' lang='lat' dir='ltr'>si</span> <span class='ocrx_word' id='word_1_62' title='bbox 1363 692 1581 736; x_wconf 83' lang='lat' dir='ltr'>peccasset,</span> <span class='ocrx_word' id='word_1_63' title='bbox 1600 685 1721 724; x_wconf 89' lang='lat' dir='ltr'>teneri</span> 
     </span>
     <span class='ocr_line' id='line_1_9' title="bbox 269 748 1723 802; baseline -0.002 -14"><span class='ocrx_word' id='word_1_64' title='bbox 269 750 433 801; x_wconf 88' lang='lat' dir='ltr'>amplius</span> <span class='ocrx_word' id='word_1_65' title='bbox 456 751 518 789; x_wconf 90' lang='lat' dir='ltr'>illa</span> <span class='ocrx_word' id='word_1_66' title='bbox 537 751 702 798; x_wconf 81' lang='lat' dir='ltr'>actione,</span> <span class='ocrx_word' id='word_1_67' title='bbox 725 751 908 802; x_wconf 87' lang='lat' dir='ltr'>quoniam</span> <span class='ocrx_word' id='word_1_68' title='bbox 928 750 1028 787; x_wconf 90' lang='lat' dir='ltr'>cives</span> <span class='ocrx_word' id='word_1_69' title='bbox 1049 754 1138 799; x_wconf 88' lang='lat' dir='ltr'>post</span> <span class='ocrx_word' id='word_1_70' title='bbox 1157 749 1339 799; x_wconf 80' lang='lat' dir='ltr'>expulsos</span> <span class='ocrx_word' id='word_1_71' title='bbox 1359 749 1492 786; x_wconf 89' lang='lat' dir='ltr'>XXX.</span> <span class='ocrx_word' id='word_1_72' title='bbox 1519 748 1723 799; x_wconf 81' lang='lat' dir='ltr'>Tyrannos</span> 
     </span>
     <span class='ocr_line' id='line_1_10' title="bbox 269 809 1722 864; baseline -0.001 -15"><span class='ocrx_word' id='word_1_73' title='bbox 269 812 309 850; x_wconf 93' lang='lat' dir='ltr'>id</span> <span class='ocrx_word' id='word_1_74' title='bbox 331 812 432 850; x_wconf 84' lang='lat' dir='ltr'>inter</span> <span class='ocrx_word' id='word_1_75' title='bbox 453 826 491 851; x_wconf 89' lang='lat' dir='ltr'>se</span> <span class='ocrx_word' id='word_1_76' title='bbox 522 819 652 851; x_wconf 83' lang='lat' dir='ltr'><strong>essent</strong></span> <span class='ocrx_word' id='word_1_77' title='bbox 679 813 786 864; x_wconf 86' lang='lat' dir='ltr'>pacti</span> <span class='ocrx_word' id='word_1_78' title='bbox 811 819 850 850; x_wconf 87' lang='lat' dir='ltr'>et</span> <span class='ocrx_word' id='word_1_79' title='bbox 873 813 1086 862; x_wconf 85' lang='lat' dir='ltr'>jurassent,</span> <span class='ocrx_word' id='word_1_80' title='bbox 1107 824 1156 849; x_wconf 93' lang='lat' dir='ltr'>ne</span> <span class='ocrx_word' id='word_1_81' title='bbox 1175 811 1291 849; x_wconf 86' lang='lat' dir='ltr'>ullam</span> <span class='ocrx_word' id='word_1_82' title='bbox 1320 809 1471 859; x_wconf 85' lang='lat' dir='ltr'>injuriae</span> <span class='ocrx_word' id='word_1_83' title='bbox 1499 816 1587 848; x_wconf 84' lang='lat' dir='ltr'>ante</span> <span class='ocrx_word' id='word_1_84' title='bbox 1606 809 1722 848; x_wconf 84' lang='lat' dir='ltr'>illatae</span> 
     </span>
     <span class='ocr_line' id='line_1_11' title="bbox 268 870 1722 923; baseline -0.001 -12"><span class='ocrx_word' id='word_1_85' title='bbox 268 873 493 911; x_wconf 86' lang='lat' dir='ltr'>memoriam</span> <span class='ocrx_word' id='word_1_86' title='bbox 513 874 722 918; x_wconf 85' lang='lat' dir='ltr'>haberent;</span> <span class='ocrx_word' id='word_1_87' title='bbox 754 880 884 922; x_wconf 88' lang='lat' dir='ltr'>atque,</span> <span class='ocrx_word' id='word_1_88' title='bbox 904 873 978 910; x_wconf 85' lang='lat' dir='ltr'>hac</span> <span class='ocrx_word' id='word_1_89' title='bbox 1005 872 1297 923; x_wconf 87' lang='lat' dir='ltr'>opportunitate</span> <span class='ocrx_word' id='word_1_90' title='bbox 1322 871 1467 917; x_wconf 89' lang='lat' dir='ltr'>oblata,</span> <span class='ocrx_word' id='word_1_91' title='bbox 1489 871 1609 908; x_wconf 90' lang='lat' dir='ltr'>multa</span> <span class='ocrx_word' id='word_1_92' title='bbox 1630 870 1722 909; x_wconf 92' lang='lat' dir='ltr'>sub-</span> 
     </span>
     <span class='ocr_line' id='line_1_12' title="bbox 270 932 1723 985; baseline 0 -14"><span class='ocrx_word' id='word_1_93' title='bbox 270 935 391 973; x_wconf 88' lang='lat' dir='ltr'>tiliter</span> <span class='ocrx_word' id='word_1_94' title='bbox 410 941 450 973; x_wconf 90' lang='lat' dir='ltr'>et</span> <span class='ocrx_word' id='word_1_95' title='bbox 468 935 618 985; x_wconf 86' lang='lat' dir='ltr'>egregie</span> <span class='ocrx_word' id='word_1_96' title='bbox 635 935 811 985; x_wconf 86' lang='lat' dir='ltr'>disputat</span> <span class='ocrx_word' id='word_1_97' title='bbox 826 934 875 972; x_wconf 92' lang='lat' dir='ltr'>de</span> <span class='ocrx_word' id='word_1_98' title='bbox 889 934 1018 972; x_wconf 86' lang='lat' dir='ltr'>reditu</span> <span class='ocrx_word' id='word_1_99' title='bbox 1034 933 1210 972; x_wconf 84' lang='lat' dir='ltr'>exsulum</span> <span class='ocrx_word' id='word_1_100' title='bbox 1223 939 1263 971; x_wconf 92' lang='lat' dir='ltr'>et</span> <span class='ocrx_word' id='word_1_101' title='bbox 1279 932 1448 970; x_wconf 83' lang='lat' dir='ltr'>decretis</span> <span class='ocrx_word' id='word_1_102' title='bbox 1463 932 1528 970; x_wconf 92' lang='lat' dir='ltr'>illo</span> <span class='ocrx_word' id='word_1_103' title='bbox 1549 938 1723 983; x_wconf 88' lang='lat' dir='ltr'>tempore</span> 
     </span>
     <span class='ocr_line' id='line_1_13' title="bbox 271 994 1725 1047; baseline -0.001 -13"><span class='ocrx_word' id='word_1_104' title='bbox 271 996 404 1041; x_wconf 80' lang='lat' dir='ltr'>factis3</span> <span class='ocrx_word' id='word_1_105' title='bbox 439 1010 526 1047; x_wconf 86' lang='lat' dir='ltr'>quae</span> <span class='ocrx_word' id='word_1_106' title='bbox 543 997 712 1035; x_wconf 88' lang='lat' dir='ltr'>historiae</span> <span class='ocrx_word' id='word_1_107' title='bbox 731 998 874 1035; x_wconf 84' lang='lat' dir='ltr'>Atticae</span> <span class='ocrx_word' id='word_1_108' title='bbox 890 997 1014 1035; x_wconf 87' lang='lat' dir='ltr'>lucem</span> <span class='ocrx_word' id='word_1_109' title='bbox 1036 1009 1112 1034; x_wconf 91' lang='lat' dir='ltr'>non</span> <span class='ocrx_word' id='word_1_110' title='bbox 1133 995 1308 1047; x_wconf 84' lang='lat' dir='ltr'>exiguam</span> <span class='ocrx_word' id='word_1_111' title='bbox 1325 996 1502 1034; x_wconf 86' lang='lat' dir='ltr'>afferunt.</span> <span class='ocrx_word' id='word_1_112' title='bbox 1557 994 1725 1033; x_wconf 86' lang='lat' dir='ltr'>Causam</span> 
     </span>
     <span class='ocr_line' id='line_1_14' title="bbox 270 1057 1724 1110; baseline -0.001 -13"><span class='ocrx_word' id='word_1_113' title='bbox 270 1058 452 1106; x_wconf 76' lang='grc' dir='ltr'>ἐνδείξεως</span> <span class='ocrx_word' id='word_1_114' title='bbox 471 1059 509 1097; x_wconf 89' lang='lat' dir='ltr'>in</span> <span class='ocrx_word' id='word_1_115' title='bbox 526 1059 599 1098; x_wconf 89' lang='lat' dir='ltr'>hac</span> <span class='ocrx_word' id='word_1_116' title='bbox 613 1060 801 1098; x_wconf 85' lang='lat' dir='ltr'>Oratione</span> <span class='ocrx_word' id='word_1_117' title='bbox 815 1059 987 1105; x_wconf 86' lang='lat' dir='ltr'>tractari,</span> <span class='ocrx_word' id='word_1_118' title='bbox 1005 1059 1180 1110; x_wconf 86' lang='lat' dir='ltr'>quamvis</span> <span class='ocrx_word' id='word_1_119' title='bbox 1197 1057 1430 1096; x_wconf 86' lang='lat' dir='ltr'>inscribatur</span> <span class='ocrx_word' id='word_1_120' title='bbox 1445 1057 1490 1096; x_wconf 86' lang='lat' dir='ltr'>de</span> <span class='ocrx_word' id='word_1_121' title='bbox 1499 1057 1724 1107; x_wconf 76' lang='lat' dir='ltr'>Mysteriis,</span> 
     </span>
     <span class='ocr_line' id='line_1_15' title="bbox 271 1119 1727 1173; baseline -0.001 -14"><span class='ocrx_word' id='word_1_122' title='bbox 271 1126 435 1171; x_wconf 88' lang='lat' dir='ltr'>apparet</span> <span class='ocrx_word' id='word_1_123' title='bbox 450 1135 498 1160; x_wconf 88' lang='lat' dir='ltr'>ex</span> <span class='ocrx_word' id='word_1_124' title='bbox 516 1121 693 1172; x_wconf 83' lang='lat' dir='ltr'>pluribus</span> <span class='ocrx_word' id='word_1_125' title='bbox 713 1121 834 1173; x_wconf 86' lang='lat' dir='ltr'>ipsius</span> <span class='ocrx_word' id='word_1_126' title='bbox 856 1121 1054 1160; x_wconf 90' lang='lat' dir='ltr'>Orationis</span> <span class='ocrx_word' id='word_1_127' title='bbox 1073 1120 1194 1162; x_wconf 86' lang='lat' dir='ltr'>locis:</span> <span class='ocrx_word' id='word_1_128' title='bbox 1222 1133 1262 1170; x_wconf 90' lang='lat' dir='ltr'>p.</span> <span class='ocrx_word' id='word_1_129' title='bbox 1278 1123 1313 1158; x_wconf 86' lang='lat'>2.</span> <span class='ocrx_word' id='word_1_130' title='bbox 1336 1134 1371 1159; x_wconf 88' lang='lat' dir='ltr'>v.</span> <span class='ocrx_word' id='word_1_131' title='bbox 1391 1124 1456 1158; x_wconf 86' lang='lat'>10.</span> <span class='ocrx_word' id='word_1_132' title='bbox 1476 1119 1573 1158; x_wconf 89' lang='lat' dir='ltr'>dicit</span> <span class='ocrx_word' id='word_1_133' title='bbox 1591 1131 1632 1157; x_wconf 91' lang='lat' dir='ltr'>se</span> <span class='ocrx_word' id='word_1_134' title='bbox 1653 1119 1727 1158; x_wconf 91' lang='lat' dir='ltr'>du-</span> 
     </span>
     <span class='ocr_line' id='line_1_16' title="bbox 270 1181 1728 1234; baseline 0 -14"><span class='ocrx_word' id='word_1_135' title='bbox 270 1182 411 1229; x_wconf 84' lang='lat' dir='ltr'>bitare,</span> <span class='ocrx_word' id='word_1_136' title='bbox 432 1181 535 1221; x_wconf 92' lang='lat' dir='ltr'>unde</span> <span class='ocrx_word' id='word_1_137' title='bbox 554 1183 719 1234; x_wconf 89' lang='lat' dir='ltr'>primum</span> <span class='ocrx_word' id='word_1_138' title='bbox 739 1189 865 1222; x_wconf 87' lang='lat' dir='ltr'>sumat</span> <span class='ocrx_word' id='word_1_139' title='bbox 882 1181 1119 1221; x_wconf 89' lang='lat' dir='ltr'>defensionis</span> <span class='ocrx_word' id='word_1_140' title='bbox 1140 1181 1306 1228; x_wconf 89' lang='lat' dir='ltr'>initium,</span> <span class='ocrx_word' id='word_1_141' title='bbox 1324 1183 1478 1234; x_wconf 73' lang='grc' dir='ltr'>πότερον</span> <span class='ocrx_word' id='word_1_142' title='bbox 1504 1181 1544 1220; x_wconf 79' lang='grc' dir='ltr'>ἐκ</span> <span class='ocrx_word' id='word_1_143' title='bbox 1568 1187 1641 1220; x_wconf 79' lang='grc' dir='ltr'>τῶν</span> <span class='ocrx_word' id='word_1_144' title='bbox 1668 1197 1728 1220; x_wconf 79' lang='grc' dir='ltr'>τε·</span> 
     </span>
     <span class='ocr_line' id='line_1_17' title="bbox 270 1243 1727 1298; baseline -0.001 -16"><span class='ocrx_word' id='word_1_145' title='bbox 270 1246 464 1291; x_wconf 83' lang='grc' dir='ltr'>λευταίων,</span> <span class='ocrx_word' id='word_1_146' title='bbox 484 1247 534 1289; x_wconf 81' lang='grc' dir='ltr'>ὡς</span> <span class='ocrx_word' id='word_1_147' title='bbox 553 1247 781 1296; x_wconf 82' lang='grc' dir='ltr'>παρανόμως</span> <span class='ocrx_word' id='word_1_148' title='bbox 801 1261 846 1298; x_wconf 87' lang='grc' dir='ltr'>με</span> <span class='ocrx_word' id='word_1_149' title='bbox 868 1245 1061 1291; x_wconf 72' lang='grc' dir='ltr'><em>ἐνέδειξαν,</em></span> <span class='ocrx_word' id='word_1_150' title='bbox 1081 1251 1122 1283; x_wconf 86' lang='lat' dir='ltr'>et</span> <span class='ocrx_word' id='word_1_151' title='bbox 1140 1258 1177 1283; x_wconf 91' lang='lat' dir='ltr'>v.</span> <span class='ocrx_word' id='word_1_152' title='bbox 1196 1248 1262 1283; x_wconf 85' lang='lat'>26.</span> <span class='ocrx_word' id='word_1_153' title='bbox 1283 1258 1323 1283; x_wconf 90' lang='lat' dir='ltr'>se</span> <span class='ocrx_word' id='word_1_154' title='bbox 1343 1245 1511 1296; x_wconf 86' lang='lat' dir='ltr'>primum</span> <span class='ocrx_word' id='word_1_155' title='bbox 1531 1243 1727 1282; x_wconf 81' lang='lat' dir='ltr'>dicturum</span> 
     </span>
     <span class='ocr_line' id='line_1_18' title="bbox 271 1303 1728 1357; baseline 0.001 -14"><span class='ocrx_word' id='word_1_156' title='bbox 271 1305 321 1343; x_wconf 88' lang='lat' dir='ltr'>de</span> <span class='ocrx_word' id='word_1_157' title='bbox 341 1306 426 1357; x_wconf 88' lang='lat' dir='ltr'>ipsa</span> <span class='ocrx_word' id='word_1_158' title='bbox 445 1319 575 1353; x_wconf 83' lang='lat' dir='ltr'>causa,</span> <span class='ocrx_word' id='word_1_159' title='bbox 596 1306 750 1357; x_wconf 66' lang='grc' dir='ltr'>ὅθενπερ</span> <span class='ocrx_word' id='word_1_160' title='bbox 774 1310 797 1354; x_wconf 81' lang='grc' dir='ltr'>ἡ</span> <span class='ocrx_word' id='word_1_161' title='bbox 814 1307 962 1355; x_wconf 74' lang='grc' dir='ltr'>ἔνδειξις</span> <span class='ocrx_word' id='word_1_162' title='bbox 989 1307 1151 1356; x_wconf 79' lang='grc' dir='ltr'>ἐγένετο,</span> <span class='ocrx_word' id='word_1_163' title='bbox 1171 1303 1292 1357; x_wconf 57' lang='lat' dir='ltr'>&amp;correp</span> <span class='ocrx_word' id='word_1_164' title='bbox 1310 1308 1363 1349; x_wconf 80' lang='grc' dir='ltr'>εἰς</span> <span class='ocrx_word' id='word_1_165' title='bbox 1382 1306 1446 1345; x_wconf 80' lang='grc' dir='ltr'>τὸν</span> <span class='ocrx_word' id='word_1_166' title='bbox 1471 1307 1605 1355; x_wconf 85' lang='grc' dir='ltr'>α’γῶνα</span> <span class='ocrx_word' id='word_1_167' title='bbox 1623 1305 1728 1344; x_wconf 80' lang='grc' dir='ltr'>τόνδε</span> 
     </span>
     <span class='ocr_line' id='line_1_19' title="bbox 270 1366 1728 1419; baseline 0 -15"><span class='ocrx_word' id='word_1_168' title='bbox 270 1369 466 1417; x_wconf 82' lang='grc' dir='ltr'>κατέστην,</span> <span class='ocrx_word' id='word_1_169' title='bbox 486 1367 568 1419; x_wconf 80' lang='grc' dir='ltr'>περὶ</span> <span class='ocrx_word' id='word_1_170' title='bbox 587 1374 660 1406; x_wconf 84' lang='grc' dir='ltr'>τῶν</span> <span class='ocrx_word' id='word_1_171' title='bbox 677 1372 912 1418; x_wconf 71' lang='grc' dir='ltr'>μυστηρίωνς</span> <span class='ocrx_word' id='word_1_172' title='bbox 942 1381 982 1419; x_wconf 89' lang='lat' dir='ltr'>p.</span> <span class='ocrx_word' id='word_1_173' title='bbox 1001 1371 1040 1406; x_wconf 75' lang='grc' dir='ltr'>ὃ.</span> <span class='ocrx_word' id='word_1_174' title='bbox 1069 1381 1104 1406; x_wconf 83' lang='lat' dir='ltr'>V.</span> <span class='ocrx_word' id='word_1_175' title='bbox 1129 1372 1166 1406; x_wconf 82' lang='lat' dir='ltr'>l.</span> <span class='ocrx_word' id='word_1_176' title='bbox 1194 1369 1280 1419; x_wconf 80' lang='grc' dir='ltr'>περὶ</span> <span class='ocrx_word' id='word_1_177' title='bbox 1306 1366 1376 1419; x_wconf 78' lang='grc' dir='ltr'>μὲν</span> <span class='ocrx_word' id='word_1_178' title='bbox 1403 1373 1477 1405; x_wconf 87' lang='grc' dir='ltr'>τῶν</span> <span class='ocrx_word' id='word_1_179' title='bbox 1503 1369 1728 1419; x_wconf 78' lang='grc' dir='ltr'>μυστηρίων,</span> 
     </span>
     <span class='ocr_line' id='line_1_20' title="bbox 272 1425 1728 1480; baseline 0 -14"><span class='ocrx_word' id='word_1_180' title='bbox 272 1425 324 1467; x_wconf 66' lang='grc' dir='ltr'>ὧν</span> <span class='ocrx_word' id='word_1_181' title='bbox 356 1428 478 1467; x_wconf 83' lang='grc' dir='ltr'>εἵνεκα</span> <span class='ocrx_word' id='word_1_182' title='bbox 506 1431 529 1474; x_wconf 83' lang='grc' dir='ltr'>ἡ</span> <span class='ocrx_word' id='word_1_183' title='bbox 556 1428 703 1476; x_wconf 74' lang='grc' dir='ltr'>ἔνδειξις</span> <span class='ocrx_word' id='word_1_184' title='bbox 734 1429 883 1478; x_wconf 80' lang='grc' dir='ltr'>ἐγένετο</span> <span class='ocrx_word' id='word_1_185' title='bbox 898 1452 950 1458; x_wconf 95' lang='grc'>--</span> <span class='ocrx_word' id='word_1_186' title='bbox 964 1428 1214 1467; x_wconf 77' lang='grc' dir='ltr'>ἀποδέδεικται</span> <span class='ocrx_word' id='word_1_187' title='bbox 1232 1444 1297 1480; x_wconf 87' lang='grc' dir='ltr'>μοι</span> <span class='ocrx_word' id='word_1_188' title='bbox 1315 1443 1347 1466; x_wconf 84' lang='grc' dir='ltr'>κ.</span> <span class='ocrx_word' id='word_1_189' title='bbox 1367 1444 1400 1467; x_wconf 86' lang='grc' dir='ltr'>τ.</span> <span class='ocrx_word' id='word_1_190' title='bbox 1418 1430 1457 1466; x_wconf 86' lang='grc' dir='ltr'>λ.</span> <span class='ocrx_word' id='word_1_191' title='bbox 1484 1439 1524 1478; x_wconf 88' lang='lat' dir='ltr'>p.</span> <span class='ocrx_word' id='word_1_192' title='bbox 1547 1430 1610 1466; x_wconf 87' lang='grc'>15.</span> <span class='ocrx_word' id='word_1_193' title='bbox 1628 1442 1667 1466; x_wconf 83' lang='grc' dir='ltr'>ν.</span> <span class='ocrx_word' id='word_1_194' title='bbox 1689 1432 1728 1467; x_wconf 80' lang='lat'>5.</span> 
     </span>
     <span class='ocr_line' id='line_1_21' title="bbox 271 1488 1728 1541; baseline 0 -14"><span class='ocrx_word' id='word_1_195' title='bbox 271 1489 393 1536; x_wconf 78' lang='grc' dir='ltr'>ἐπειδὴ</span> <span class='ocrx_word' id='word_1_196' title='bbox 410 1489 664 1541; x_wconf 63' lang='grc' dir='ltr'>γάρ’ἤλὲομεν</span> <span class='ocrx_word' id='word_1_197' title='bbox 678 1489 961 1536; x_wconf 62' lang='grc' dir='ltr'>Ἐλευσινόθεν,</span> <span class='ocrx_word' id='word_1_198' title='bbox 983 1492 1042 1527; x_wconf 84' lang='grc' dir='ltr'>καὶ</span> <span class='ocrx_word' id='word_1_199' title='bbox 1059 1492 1081 1536; x_wconf 79' lang='grc' dir='ltr'>ἡ</span> <span class='ocrx_word' id='word_1_200' title='bbox 1099 1488 1245 1537; x_wconf 71' lang='grc' dir='ltr'>’ἔνδειξις</span> <span class='ocrx_word' id='word_1_201' title='bbox 1265 1488 1480 1538; x_wconf 72' lang='grc' dir='ltr'>ἐγεγένητο.</span> <span class='ocrx_word' id='word_1_202' title='bbox 1499 1501 1539 1539; x_wconf 86' lang='lat' dir='ltr'>p.</span> <span class='ocrx_word' id='word_1_203' title='bbox 1551 1493 1618 1527; x_wconf 75' lang='lat'>16.</span> <span class='ocrx_word' id='word_1_204' title='bbox 1635 1502 1672 1527; x_wconf 90' lang='lat' dir='ltr'>V.</span> <span class='ocrx_word' id='word_1_205' title='bbox 1688 1493 1728 1528; x_wconf 88' lang='grc'>8.</span> 
     </span>
     <span class='ocr_line' id='line_1_22' title="bbox 273 1550 1729 1605; baseline 0.001 -16"><span class='ocrx_word' id='word_1_206' title='bbox 273 1551 358 1594; x_wconf 71' lang='grc' dir='ltr'>δοὺς</span> <span class='ocrx_word' id='word_1_207' title='bbox 373 1551 550 1604; x_wconf 73' lang='grc' dir='ltr'>Κηφισίῳ</span> <span class='ocrx_word' id='word_1_208' title='bbox 565 1555 698 1605; x_wconf 81' lang='grc' dir='ltr'>χιλίας</span> <span class='ocrx_word' id='word_1_209' title='bbox 715 1552 904 1604; x_wconf 72' lang='grc' dir='ltr'>δραχμάς,</span> <span class='ocrx_word' id='word_1_210' title='bbox 919 1552 1121 1595; x_wconf 74' lang='grc' dir='ltr'>ἐνδείκνυσί</span> <span class='ocrx_word' id='word_1_211' title='bbox 1140 1567 1198 1603; x_wconf 86' lang='grc' dir='ltr'>με.</span> <span class='ocrx_word' id='word_1_212' title='bbox 1237 1551 1353 1589; x_wconf 86' lang='lat' dir='ltr'>Conf.</span> <span class='ocrx_word' id='word_1_213' title='bbox 1372 1550 1509 1602; x_wconf 79' lang='lat' dir='ltr'>Lysias</span> <span class='ocrx_word' id='word_1_214' title='bbox 1521 1564 1557 1590; x_wconf 86' lang='lat' dir='ltr'>c.</span> <span class='ocrx_word' id='word_1_215' title='bbox 1573 1550 1729 1590; x_wconf 81' lang='lat' dir='ltr'>Andoc.</span> 
     </span>
     <span class='ocr_line' id='line_1_23' title="bbox 272 1614 1730 1665; baseline 0.001 -14"><span class='ocrx_word' id='word_1_216' title='bbox 272 1626 313 1664; x_wconf 88' lang='lat' dir='ltr'>p.</span> <span class='ocrx_word' id='word_1_217' title='bbox 338 1617 426 1652; x_wconf 88' lang='lat'><strong>104.</strong></span> <span class='ocrx_word' id='word_1_218' title='bbox 450 1627 485 1650; x_wconf 91' lang='lat' dir='ltr'>v.</span> <span class='ocrx_word' id='word_1_219' title='bbox 506 1617 572 1651; x_wconf 84' lang='lat'>31.</span> <span class='ocrx_word' id='word_1_220' title='bbox 593 1626 703 1664; x_wconf 91' lang='lat' dir='ltr'>seqq.</span> <span class='ocrx_word' id='word_1_221' title='bbox 723 1614 866 1665; x_wconf 85' lang='lat' dir='ltr'>Taylor</span> <span class='ocrx_word' id='word_1_222' title='bbox 885 1615 996 1653; x_wconf 84' lang='lat' dir='ltr'>Lect.</span> <span class='ocrx_word' id='word_1_223' title='bbox 1017 1614 1107 1665; x_wconf 90' lang='lat' dir='ltr'>Lys.</span> <span class='ocrx_word' id='word_1_224' title='bbox 1129 1627 1164 1652; x_wconf 83' lang='lat' dir='ltr'>o.</span> <span class='ocrx_word' id='word_1_225' title='bbox 1185 1617 1223 1652; x_wconf 89' lang='lat'>6.</span> <span class='ocrx_word' id='word_1_226' title='bbox 1280 1615 1351 1652; x_wconf 91' lang='lat' dir='ltr'>Est</span> <span class='ocrx_word' id='word_1_227' title='bbox 1376 1619 1507 1652; x_wconf 89' lang='lat' dir='ltr'>autem</span> <span class='ocrx_word' id='word_1_228' title='bbox 1535 1614 1730 1663; x_wconf 76' lang='grc' dir='ltr'>ἐνδείξεως,</span> 
     </span>
     <span class='ocr_line' id='line_1_24' title="bbox 275 1674 1730 1725; baseline 0.002 -14"><span class='ocrx_word' id='word_1_229' title='bbox 275 1687 365 1724; x_wconf 89' lang='lat' dir='ltr'>quae</span> <span class='ocrx_word' id='word_1_230' title='bbox 385 1674 450 1712; x_wconf 91' lang='lat' dir='ltr'>hic</span> <span class='ocrx_word' id='word_1_231' title='bbox 470 1680 670 1720; x_wconf 81' lang='lat' dir='ltr'>tractatur,</span> <span class='ocrx_word' id='word_1_232' title='bbox 700 1675 863 1725; x_wconf 84' lang='lat' dir='ltr'>species,</span> <span class='ocrx_word' id='word_1_233' title='bbox 893 1689 972 1725; x_wconf 91' lang='lat' dir='ltr'>qua</span> <span class='ocrx_word' id='word_1_234' title='bbox 999 1675 1201 1713; x_wconf 78' lang='lat' dir='ltr'>contendit</span> <span class='ocrx_word' id='word_1_235' title='bbox 1227 1675 1482 1722; x_wconf 82' lang='lat' dir='ltr'>adversarius,</span> <span class='ocrx_word' id='word_1_236' title='bbox 1509 1688 1587 1714; x_wconf 91' lang='lat' dir='ltr'>non</span> <span class='ocrx_word' id='word_1_237' title='bbox 1613 1676 1730 1714; x_wconf 90' lang='lat' dir='ltr'>licere</span> 
     </span>
     <span class='ocr_line' id='line_1_25' title="bbox 275 1735 1730 1788; baseline 0.002 -15"><span class='ocrx_word' id='word_1_238' title='bbox 275 1735 500 1774; x_wconf 88' lang='lat' dir='ltr'>adversario</span> <span class='ocrx_word' id='word_1_239' title='bbox 538 1749 609 1786; x_wconf 86' lang='lat' dir='ltr'>per</span> <span class='ocrx_word' id='word_1_240' title='bbox 640 1737 782 1787; x_wconf 82' lang='lat' dir='ltr'>Legem</span> <span class='ocrx_word' id='word_1_241' title='bbox 814 1737 1009 1787; x_wconf 88' lang='lat' dir='ltr'>quandam</span> <span class='ocrx_word' id='word_1_242' title='bbox 1041 1742 1109 1774; x_wconf 90' lang='lat' dir='ltr'>aut</span> <span class='ocrx_word' id='word_1_243' title='bbox 1143 1737 1295 1775; x_wconf 90' lang='lat' dir='ltr'>Scitum</span> <span class='ocrx_word' id='word_1_244' title='bbox 1326 1737 1482 1788; x_wconf 86' lang='lat' dir='ltr'>Populi,</span> <span class='ocrx_word' id='word_1_245' title='bbox 1514 1742 1638 1775; x_wconf 87' lang='lat' dir='ltr'>certas</span> <span class='ocrx_word' id='word_1_246' title='bbox 1668 1750 1730 1776; x_wconf 88' lang='lat' dir='ltr'>res</span> 
     </span>
     <span class='ocr_line' id='line_1_26' title="bbox 276 1797 1733 1850; baseline 0.003 -16"><span class='ocrx_word' id='word_1_247' title='bbox 276 1809 404 1847; x_wconf 87' lang='lat' dir='ltr'>agere,</span> <span class='ocrx_word' id='word_1_248' title='bbox 427 1803 494 1835; x_wconf 89' lang='lat' dir='ltr'>aut</span> <span class='ocrx_word' id='word_1_249' title='bbox 514 1797 552 1834; x_wconf 90' lang='lat' dir='ltr'>in</span> <span class='ocrx_word' id='word_1_250' title='bbox 575 1803 677 1836; x_wconf 86' lang='lat' dir='ltr'>certa</span> <span class='ocrx_word' id='word_1_251' title='bbox 692 1798 778 1836; x_wconf 90' lang='lat' dir='ltr'>loca</span> <span class='ocrx_word' id='word_1_252' title='bbox 798 1800 940 1845; x_wconf 85' lang='lat' dir='ltr'>venire,</span> <span class='ocrx_word' id='word_1_253' title='bbox 961 1799 1124 1836; x_wconf 82' lang='lat' dir='ltr'>maxime</span> <span class='ocrx_word' id='word_1_254' title='bbox 1145 1800 1301 1850; x_wconf 89' lang='lat' dir='ltr'>templa,</span> <span class='ocrx_word' id='word_1_255' title='bbox 1321 1799 1487 1850; x_wconf 89' lang='lat' dir='ltr'>Diisque</span> <span class='ocrx_word' id='word_1_256' title='bbox 1505 1805 1733 1839; x_wconf 83' lang='lat' dir='ltr'>consecrata</span> 
     </span>
     <span class='ocr_line' id='line_1_27' title="bbox 276 1859 1731 1907; baseline 0.003 -11"><span class='ocrx_word' id='word_1_257' title='bbox 276 1859 377 1907; x_wconf 88' lang='lat' dir='ltr'>loca,</span> <span class='ocrx_word' id='word_1_258' title='bbox 391 1866 430 1897; x_wconf 90' lang='lat' dir='ltr'>et</span> <span class='ocrx_word' id='word_1_259' title='bbox 449 1859 488 1897; x_wconf 92' lang='lat' dir='ltr'>in</span> <span class='ocrx_word' id='word_1_260' title='bbox 507 1859 649 1897; x_wconf 77' lang='lat' dir='ltr'>forum.</span> <span class='ocrx_word' id='word_1_261' title='bbox 688 1859 780 1898; x_wconf 91' lang='lat' dir='ltr'>Vid.</span> <span class='ocrx_word' id='word_1_262' title='bbox 800 1859 850 1898; x_wconf 91' lang='lat' dir='ltr'>de</span> <span class='ocrx_word' id='word_1_263' title='bbox 870 1860 943 1898; x_wconf 90' lang='lat' dir='ltr'>hac</span> <span class='ocrx_word' id='word_1_264' title='bbox 963 1860 1115 1898; x_wconf 87' lang='lat' dir='ltr'>actione</span> <span class='ocrx_word' id='word_1_265' title='bbox 1136 1860 1274 1898; x_wconf 82' lang='lat' dir='ltr'>Pollux</span> <span class='ocrx_word' id='word_1_266' title='bbox 1292 1861 1318 1899; x_wconf 94' lang='lat' dir='ltr'>l.</span> <span class='ocrx_word' id='word_1_267' title='bbox 1339 1861 1453 1898; x_wconf 86' lang='lat' dir='ltr'><strong>VIII.</strong></span> <span class='ocrx_word' id='word_1_268' title='bbox 1475 1874 1505 1899; x_wconf 92' lang='lat' dir='ltr'>s.</span> <span class='ocrx_word' id='word_1_269' title='bbox 1524 1865 1592 1900; x_wconf 85' lang='lat'>49.</span> <span class='ocrx_word' id='word_1_270' title='bbox 1612 1868 1650 1899; x_wconf 90' lang='lat' dir='ltr'>et</span> <span class='ocrx_word' id='word_1_271' title='bbox 1666 1866 1731 1901; x_wconf 80' lang='lat'>50.</span> 
     </span>
     <span class='ocr_line' id='line_1_28' title="bbox 278 1920 1730 1972; baseline 0.001 -14"><span class='ocrx_word' id='word_1_272' title='bbox 278 1921 567 1971; x_wconf 80' lang='lat' dir='ltr'>Harpocration</span> <span class='ocrx_word' id='word_1_273' title='bbox 598 1927 638 1958; x_wconf 88' lang='lat' dir='ltr'>et</span> <span class='ocrx_word' id='word_1_274' title='bbox 671 1921 809 1959; x_wconf 91' lang='lat' dir='ltr'>Suidas</span> <span class='ocrx_word' id='word_1_275' title='bbox 830 1934 865 1959; x_wconf 91' lang='lat' dir='ltr'>v.</span> <span class='ocrx_word' id='word_1_276' title='bbox 887 1920 1058 1968; x_wconf 71' lang='grc' dir='ltr'>ἕνδειξιςς</span> <span class='ocrx_word' id='word_1_277' title='bbox 1090 1921 1269 1971; x_wconf 84' lang='lat' dir='ltr'>Sigonius</span> <span class='ocrx_word' id='word_1_278' title='bbox 1286 1922 1335 1959; x_wconf 92' lang='lat' dir='ltr'>de</span> <span class='ocrx_word' id='word_1_279' title='bbox 1353 1921 1521 1972; x_wconf 86' lang='lat' dir='ltr'>Republ.</span> <span class='ocrx_word' id='word_1_280' title='bbox 1542 1922 1684 1961; x_wconf 86' lang='lat' dir='ltr'>Athen.</span> <span class='ocrx_word' id='word_1_281' title='bbox 1701 1923 1730 1961; x_wconf 87' lang='lat'>1.</span> 
     </span>
     <span class='ocr_line' id='line_1_29' title="bbox 277 1981 1732 2035; baseline 0.001 -15"><span class='ocrx_word' id='word_1_282' title='bbox 277 1983 354 2021; x_wconf 95' lang='lat' dir='ltr'>III.</span> <span class='ocrx_word' id='word_1_283' title='bbox 376 1996 414 2021; x_wconf 89' lang='lat' dir='ltr'>c.</span> <span class='ocrx_word' id='word_1_284' title='bbox 434 1988 473 2022; x_wconf 89' lang='lat'>1.</span> <span class='ocrx_word' id='word_1_285' title='bbox 529 1983 706 2020; x_wconf 88' lang='lat' dir='ltr'>Fortasse</span> <span class='ocrx_word' id='word_1_286' title='bbox 739 1983 822 2021; x_wconf 87' lang='lat' dir='ltr'>haec</span> <span class='ocrx_word' id='word_1_287' title='bbox 842 1983 978 2022; x_wconf 88' lang='lat' dir='ltr'>Oratio</span> <span class='ocrx_word' id='word_1_288' title='bbox 998 1984 1042 2023; x_wconf 86' lang='lat' dir='ltr'>de</span> <span class='ocrx_word' id='word_1_289' title='bbox 1062 1981 1272 2034; x_wconf 65' lang='lat' dir='ltr'>IVIysteriis</span> <span class='ocrx_word' id='word_1_290' title='bbox 1290 1983 1364 2022; x_wconf 89' lang='lat' dir='ltr'>fuit</span> <span class='ocrx_word' id='word_1_291' title='bbox 1382 1983 1581 2035; x_wconf 86' lang='lat' dir='ltr'>inscripta,</span> <span class='ocrx_word' id='word_1_292' title='bbox 1610 1991 1652 2022; x_wconf 94' lang='lat' dir='ltr'>ut</span> <span class='ocrx_word' id='word_1_293' title='bbox 1671 1984 1732 2023; x_wconf 94' lang='lat' dir='ltr'>di-</span> 
     </span>
    </p>
   </div>
   <div class='ocr_carea' id='block_1_3' title="bbox 278 2044 1733 2146">
    <p class='ocr_par' dir='ltr' id='par_1_4' title="bbox 278 2044 1733 2146">
     <span class='ocr_line' id='line_1_30' title="bbox 278 2044 1733 2097; baseline 0.001 -15"><span class='ocrx_word' id='word_1_294' title='bbox 278 2044 539 2096; x_wconf 86' lang='lat' dir='ltr'>stingueretur</span> <span class='ocrx_word' id='word_1_295' title='bbox 566 2045 615 2083; x_wconf 86' lang='lat' dir='ltr'>ab</span> <span class='ocrx_word' id='word_1_296' title='bbox 636 2044 825 2083; x_wconf 81' lang='lat' dir='ltr'>Oratione</span> <span class='ocrx_word' id='word_1_297' title='bbox 851 2047 932 2096; x_wconf 84' lang='grc' dir='ltr'>περὶ</span> <span class='ocrx_word' id='word_1_298' title='bbox 951 2052 1014 2091; x_wconf 81' lang='grc' dir='ltr'>τῆς</span> <span class='ocrx_word' id='word_1_299' title='bbox 1033 2045 1230 2093; x_wconf 77' lang='grc' dir='ltr'>ἐνδείξεως,</span> <span class='ocrx_word' id='word_1_300' title='bbox 1246 2046 1330 2097; x_wconf 84' lang='lat' dir='ltr'>jam</span> <span class='ocrx_word' id='word_1_301' title='bbox 1349 2053 1438 2084; x_wconf 85' lang='lat' dir='ltr'>ante</span> <span class='ocrx_word' id='word_1_302' title='bbox 1456 2045 1506 2084; x_wconf 88' lang='lat' dir='ltr'>ab</span> <span class='ocrx_word' id='word_1_303' title='bbox 1526 2045 1733 2085; x_wconf 87' lang='lat' dir='ltr'>Andocide</span> 
     </span>
     <span class='ocr_line' id='line_1_31' title="bbox 280 2106 581 2146; baseline 0 -1"><span class='ocrx_word' id='word_1_304' title='bbox 280 2106 387 2145; x_wconf 90' lang='lat' dir='ltr'>dicta</span> <span class='ocrx_word' id='word_1_305' title='bbox 407 2112 446 2145; x_wconf 91' lang='lat' dir='ltr'>et</span> <span class='ocrx_word' id='word_1_306' title='bbox 465 2107 581 2146; x_wconf 86' lang='lat' dir='ltr'>edita.</span> 
     </span>
    </p>
   </div>
   <div class='ocr_carea' id='block_1_4' title="bbox 281 2203 1734 2335">
    <p class='ocr_par' dir='ltr' id='par_1_5' title="bbox 281 2203 1734 2335">
     <span class='ocr_line' id='line_1_32' title="bbox 323 2203 1732 2248; baseline -0.001 -10"><span class='ocrx_word' id='word_1_307' title='bbox 323 2208 385 2248; x_wconf 42' lang='grc' dir='ltr'>*ξ*</span> <span class='ocrx_word' id='word_1_308' title='bbox 408 2209 457 2238; x_wconf 86' lang='lat' dir='ltr'>De</span> <span class='ocrx_word' id='word_1_309' title='bbox 472 2207 544 2238; x_wconf 82' lang='lat' dir='ltr'>Vita</span> <span class='ocrx_word' id='word_1_310' title='bbox 560 2206 743 2244; x_wconf 87' lang='lat' dir='ltr'>Andocidis,</span> <span class='ocrx_word' id='word_1_311' title='bbox 755 2206 785 2237; x_wconf 88' lang='lat' dir='ltr'>in</span> <span class='ocrx_word' id='word_1_312' title='bbox 798 2205 904 2237; x_wconf 87' lang='lat' dir='ltr'>libello</span> <span class='ocrx_word' id='word_1_313' title='bbox 920 2205 1079 2236; x_wconf 89' lang='lat' dir='ltr'>Plutarchi</span> <span class='ocrx_word' id='word_1_314' title='bbox 1095 2206 1130 2236; x_wconf 82' lang='lat' dir='ltr'>de</span> <span class='ocrx_word' id='word_1_315' title='bbox 1149 2204 1222 2236; x_wconf 85' lang='lat' dir='ltr'>Vitis</span> <span class='ocrx_word' id='word_1_316' title='bbox 1235 2204 1278 2235; x_wconf 92' lang='lat' dir='ltr'>X.</span> <span class='ocrx_word' id='word_1_317' title='bbox 1293 2204 1453 2236; x_wconf 78' lang='lat' dir='ltr'>oratorum</span> <span class='ocrx_word' id='word_1_318' title='bbox 1466 2209 1498 2235; x_wconf 79' lang='lat' dir='ltr'>et</span> <span class='ocrx_word' id='word_1_319' title='bbox 1512 2203 1543 2235; x_wconf 86' lang='lat' dir='ltr'>in</span> <span class='ocrx_word' id='word_1_320' title='bbox 1556 2205 1660 2236; x_wconf 82' lang='lat' dir='ltr'>Photii</span> <span class='ocrx_word' id='word_1_321' title='bbox 1677 2204 1732 2237; x_wconf 86' lang='grc' dir='ltr'>Βὶ-</span> 
     </span>
     <span class='ocr_line' id='line_1_33' title="bbox 281 2248 1734 2290; baseline -0.001 -9"><span class='ocrx_word' id='word_1_322' title='bbox 281 2251 381 2281; x_wconf 81' lang='lat' dir='ltr'>blioth.</span> <span class='ocrx_word' id='word_1_323' title='bbox 397 2251 476 2285; x_wconf 82' lang='lat' dir='ltr'>Cod..</span> <span class='ocrx_word' id='word_1_324' title='bbox 490 2251 633 2281; x_wconf 81' lang='lat' dir='ltr'>CCLXI.</span> <span class='ocrx_word' id='word_1_325' title='bbox 650 2250 836 2289; x_wconf 80' lang='lat' dir='ltr'>conscripta,</span> <span class='ocrx_word' id='word_1_326' title='bbox 852 2251 951 2289; x_wconf 84' lang='lat' dir='ltr'>deque</span> <span class='ocrx_word' id='word_1_327' title='bbox 973 2249 1111 2288; x_wconf 83' lang='lat' dir='ltr'>plurimis</span> <span class='ocrx_word' id='word_1_328' title='bbox 1133 2249 1202 2279; x_wconf 85' lang='lat' dir='ltr'>aliis</span> <span class='ocrx_word' id='word_1_329' title='bbox 1219 2249 1410 2280; x_wconf 84' lang='lat' dir='ltr'>Andocidem</span> <span class='ocrx_word' id='word_1_330' title='bbox 1431 2248 1546 2289; x_wconf 81' lang='lat' dir='ltr'>pariter</span> <span class='ocrx_word' id='word_1_331' title='bbox 1568 2259 1605 2280; x_wconf 81' lang='lat' dir='ltr'>ac</span> <span class='ocrx_word' id='word_1_332' title='bbox 1619 2249 1734 2290; x_wconf 71' lang='lat' dir='ltr'>scripta</span> 
     </span>
     <span class='ocr_line' id='line_1_34' title="bbox 284 2293 1330 2335; baseline 0.001 -12"><span class='ocrx_word' id='word_1_333' title='bbox 284 2296 350 2333; x_wconf 79' lang='lat' dir='ltr'>ejus</span> <span class='ocrx_word' id='word_1_334' title='bbox 365 2294 587 2335; x_wconf 77' lang='lat' dir='ltr'>spectantibus,</span> <span class='ocrx_word' id='word_1_335' title='bbox 603 2293 666 2325; x_wconf 83' lang='lat' dir='ltr'>vid.</span> <span class='ocrx_word' id='word_1_336' title='bbox 682 2293 807 2334; x_wconf 85' lang='lat' dir='ltr'>Taylori</span> <span class='ocrx_word' id='word_1_337' title='bbox 824 2293 986 2325; x_wconf 84' lang='lat' dir='ltr'>Lectiones</span> <span class='ocrx_word' id='word_1_338' title='bbox 1002 2293 1151 2333; x_wconf 86' lang='lat' dir='ltr'>Lysiacae,</span> <span class='ocrx_word' id='word_1_339' title='bbox 1167 2303 1194 2323; x_wconf 73' lang='lat' dir='ltr'>c·</span> <span class='ocrx_word' id='word_1_340' title='bbox 1206 2293 1236 2323; x_wconf 84' lang='lat'>5.</span> <span class='ocrx_word' id='word_1_341' title='bbox 1253 2296 1284 2322; x_wconf 87' lang='lat' dir='ltr'>et</span> <span class='ocrx_word' id='word_1_342' title='bbox 1300 2294 1330 2324; x_wconf 88' lang='lat'>6.</span> 
     </span>
    </p>
   </div>
  </div>
 </body>
</html>
