1818 3189
235 181 293 221 is
537 168 711 219 PETRI
748 177 869 217 VAN
903 160 1102 217 SPAAN
1135 175 1401 218 DISSERT.

241 283 450 322 Plutarcho
470 284 672 321 Alcibiade
692 296 730 333 p.
753 288 843 322 192.
867 284 907 322 F.
923 284 963 321 ἐν
983 284 1019 321 δὲ
1040 290 1122 328 ταῖς
1142 286 1387 335 Ἀντιφῶντος
1405 282 1606 334 λοιδορίαις
1627 283 1691 331 γε’ν

240 362 418 397 γραπται,
439 345 493 383 ὅτι
513 351 603 388 παῖς
622 347 674 382 ὢν
702 344 741 382 ἐκ
761 351 825 390 τῆς
844 347 965 388 οἰκίας
985 344 1124 394 α’πέόρα
1147 345 1237 394 πρὸς
1261 344 1490 396 Δημοκράτη,
1514 347 1596 382 τινὰ
1615 351 1688 382 τῶν

237 409 415 459 ἐραστῶν.
472 408 585 445 Hanc
612 420 770 458 quoque
795 407 1007 446 orationem
1039 407 1194 445 Ionsius
1215 420 1255 457 p.
1276 411 1368 445 325.
1397 407 1434 444 in
1456 405 1596 444 scholis
1619 405 1687 442 So-

236 469 466 519 phistarum‚
479 469 540 506 vel
559 468 609 506 ab
627 468 705 506 alio
724 468 893 519 quodam
912 467 1126 506 Alcibiadis
1147 468 1301 506 inimico
1322 467 1467 519 potius,
1495 479 1611 516 quam
1639 465 1688 503 ab

236 531 483 582 Antiphonte
510 530 764 576 Rhamnusio,
794 530 977 580 scriptam
1001 529 1167 579 judicat.
1224 530 1325 573 Quae
1357 527 1585 578 conjectura
1611 539 1687 564 non

236 592 361 630 minus
390 604 488 630 vana
508 597 579 638 est,
601 604 718 642 quam
737 592 801 630 illa
821 592 870 630 de
892 591 1122 629 orationum
1144 590 1393 642 superstitum
1416 592 1550 638 νοθείᾳ,
1573 587 1688 640 paulo

234 660 324 693 ante
353 668 376 693 a
396 654 508 693 nobis
536 654 750 693 confutata.
808 655 908 692 Nam
935 653 1028 703 quid
1056 660 1184 704 potest
1214 666 1299 692 esse
1328 651 1446 703 magis
1473 650 1691 692 verisimile,

237 729 352 767 quam
370 716 625 763 Alcibiadem,
642 716 832 767 aequalem
847 716 1115 767 Antiphontis,
1130 722 1170 753 et
1190 713 1509 765 QuadringentiS,
1524 726 1687 763 quorum

234 778 417 829 princeps
447 784 530 817 erat
564 779 781 829 Antiphon,
810 777 1122 825 infensissimum,
1157 777 1206 815 ab
1240 775 1484 827 Antiphonte
1516 774 1689 813 oratione

234 840 374 878 acerba
387 853 472 878 esse
493 840 731 879 laceratum?
760 840 894 890 Atqui,
918 841 1024 890 quod
1046 840 1276 878 Plutarchus
1297 838 1445 883 scribit,
1466 838 1687 889 planissime

234 902 439 940 confirmat
458 902 670 940 Athenaeus
690 902 716 939 l.
739 902 834 940 ΧΙΙ.
855 915 894 953 ρ.
916 906 1005 941 525.
1029 903 1073 939 B.
1095 902 1249 952 elegans
1269 915 1315 939 ex
1337 901 1399 938 illa
1422 900 1609 938 Oratione
1630 898 1687 937 af-

232 963 360 1001 ferens
376 963 633 1014 fragmentum
650 977 659 1001 :
690 964 769 1013 περὶ
790 962 827 1000 δὲ
848 969 920 1001 τῶν
932 961 1152 1010 ιἈβυδηνῶν
1167 964 1353 1015 Ἀντιφῶν
1371 963 1412 1000 ἐν
1428 965 1479 1013 τῷ
1500 963 1577 1000 κατ’
1593 961 1687 998 Ἀλ·
1735 985 1737 988 .

231 1024 403 1073 κιβιάόου
422 1024 609 1075 λοιδορίας
634 1023 762 1068 οὕτως·
783 1024 905 1070 ἐπειδὴ
928 1024 1170 1076 ἐδοκιμάσθης
1191 1025 1263 1062 ὑπὸ
1282 1027 1358 1063 τῶν
1376 1025 1593 1075 ἐπιτρόπων,
1612 1038 1686 1059 πα-

229 1086 414 1140 ραλαβὼν
430 1088 517 1138 παρ’
532 1088 656 1126 αὐτῶν
670 1089 715 1125 τὰ
732 1091 870 1125 σαυτοῦ
888 1088 1077 1138 χρήματα,
1097 1085 1201 1139 ᾤχου
1215 1089 1418 1125 ἀποπλέων
1432 1090 1463 1124 εἶ
1468 1103 1486 1129 ς
1497 1083 1685 1132 ”Αβυδον,

231 1151 312 1188 οὔτε
340 1153 451 1200 χρέος
474 1149 571 1187 ἰ’διον
600 1153 738 1188 σαυτοῦ
771 1151 997 1199 πραξόμενος
1028 1148 1149 1194 οὐδὲν,
1184 1148 1269 1187 οὐδὲ
1294 1152 1489 1199 προξενίας
1513 1146 1687 1197 οὐδεμιᾶς

232 1213 366 1250 ἕνεκεν·
387 1214 489 1250 α’λλὰ
510 1216 553 1260 τῇ
576 1216 712 1250 σαυτοῦ
730 1215 953 1262 παρανομίᾳ
974 1211 1033 1247 καὶ
1060 1212 1248 1258 ἀκολασίᾳ
1269 1217 1334 1254 τῆς
1359 1213 1508 1259 γνώμης
1535 1209 1686 1259 ὁμοίους

232 1274 353 1326 ἔργων
378 1276 534 1326 τρόπους
561 1275 825 1325 μαθησόμενος
850 1275 949 1322 παρὰ
977 1275 1051 1311 τῶν
1069 1273 1109 1309 ἓν
1128 1269 1274 1322 Ἀβύδῳ
1294 1273 1494 1319 γυναικῶν,
1521 1269 1621 1312 ὅπως
1646 1269 1687 1307 ἐν

231 1341 281 1391 τῷ
296 1339 473 1389 ἐπιλοίπῳ
492 1336 566 1390 βίῳ
580 1342 716 1376 σαυτοῦ
734 1336 825 1391 ἔχῃς
845 1334 1015 1387 χρῆσθαι
1034 1336 1176 1377 αὐτοῖς.
1192 1333 1258 1371 ubi
1271 1333 1406 1372 Celeb.
1427 1331 1686 1370 Ruhnkenius

232 1413 302 1451 pro
321 1399 537 1451 παρανομίᾳ
551 1399 679 1450 legere
700 1398 803 1435 malit
823 1399 1013 1448 παροινίᾳ·
1035 1409 1123 1446 quae
1145 1410 1217 1440 vox
1239 1395 1385 1434 centies
1399 1395 1578 1445 jungitur
1596 1408 1683 1433 cum

230 1463 433 1514 ἀκολασίᾳ.
488 1461 662 1500 Pertinet
676 1460 724 1498 ad
740 1461 837 1498 hanc
851 1459 1158 1496 emendationem
1178 1458 1447 1496 stabiliendam
1466 1458 1573 1496 locus
1593 1457 1684 1494 Plu-

231 1523 355 1561 tarchi
378 1521 571 1561 Alcibiad.
594 1536 633 1572 p.
656 1526 747 1560 211.
770 1522 821 1559 D.
852 1522 952 1564 ὅπως
973 1520 1083 1562 αὐτὸς
1111 1520 1165 1557 ἐπ’
1189 1519 1317 1564 (ι’ὃείας
1336 1521 1608 1573 χρηματίζηται
1626 1534 1688 1556 πε-

229 1586 403 1636 ριπλέων,
416 1586 476 1622 καὶ
488 1583 744 1638 ἀκολασταίνῃ
757 1584 1044 1634 μεθυσκόμενος,
1057 1584 1116 1620 καὶ
1131 1585 1250 1621 συνὼν
1262 1584 1428 1634 ἑταίραις
1441 1580 1686 1629 Ἀβυδηναῖς,

232 1648 290 1685 καὶ
307 1646 484 1684 Ἰωνίσιν.
540 1645 691 1684 Titulos
721 1645 938 1683 orationum
969 1644 1325 1694 Anfiphoufiarum,
1355 1658 1377 1682 a
1406 1643 1499 1681 viris
1525 1642 1686 1682 eruditis

229 1707 430 1753 collectos,
467 1721 607 1757 augere
641 1708 731 1745 licet
764 1721 785 1745 e
824 1705 1099 1744 Grammaticis
1136 1705 1305 1751 ineditis,
1343 1705 1408 1756 qui
1442 1711 1531 1744 sunt
1568 1718 1684 1755 penes

230 1770 367 1809 Celeb.
387 1769 615 1807 Praesidem.
648 1769 913 1806 Antiatlicista
935 1768 1024 1805 MS.
1046 1767 1252 1813 Ἀναὸέξαι,
1271 1765 1350 1805 οἷον
1370 1767 1567 1816 ἐγγυῆσαι.
1595 1768 1637 1804 Ἀ
1647 1784 1685 1804 ν-

230 1836 344 1885 rupe-322
366 1831 457 1883 πρὸς
476 1830 726 1869 Πολύευκτον,
775 1830 1003 1881 Δεινόλοχος
1030 1828 1215 1880 Ἀλθαίᾳ.
1259 1830 1350 1866 Lex.
1372 1829 1573 1878 Sangerm.
1595 1829 1685 1868 MS.

228 1894 542 1940 Ἀθήναζε-καὶ
560 1893 600 1930 τὸ
619 1896 719 1944 παρεὶ
738 1894 961 1944 Ἀντιφῶντι
981 1892 1020 1929 δὲ
1039 1892 1079 1929 ἐν
1098 1893 1146 1943 τῷ
1169 1892 1251 1942 περὶ
1271 1890 1573 1941 ἀνδραποδισμοῦ
1590 1892 1694 1943 λόγῳ

229 1956 428 1994 ἐπίστασιν
447 1954 524 2006 ἔχει
542 1957 590 1997 ὡς
616 1957 872 2006 ἡμαρτημένον
899 1956 966 1999 τὴν
987 1954 1172 1999 σύνταξιν.
1199 1952 1334 2005 γράφει
1361 1951 1397 1990 δὲ
1413 1954 1540 1995 οὕτως·
1563 1953 1685 1999 ἐπειδὴ

231 2021 306 2069 γὰρ
319 2018 475 2068 α’πῴκεις
490 2019 556 2062 τὴν
575 2016 778 2064 Ἀθήναζε,
802 2018 859 2053 καὶ
879 2015 1108 2063 ἀπηλλάγην
1126 2021 1191 2060 τῆς
1210 2018 1450 2066 κληρουχίας.
1481 2015 1526 2052 In
1547 2014 1684 2053 iisdem

232 2078 507 2117 Grammaticis
527 2077 600 2115 alia
621 2077 733 2116 etiam
765 2076 1018 2128 Antiphontis
1038 2076 1250 2127 fragmenta
1273 2076 1533 2127 reperiuntur.
1591 2077 1685 2115 Lex.

230 2141 426 2191 Sangerm.
454 2140 540 2177 MS.
572 2139 787 2191 Ἀδυναμία
816 2140 923 2190 ἐρεῖς,
955 2142 1003 2182 ὡς
1032 2137 1291 2189 Δημοσθένης,
1321 2141 1381 2175 καὶ
1408 2138 1610 2184 α’ὃυνασία,
1639 2142 1688 2182 ὡς

229 2203 426 2251 Ἀντιφῶν,
450 2204 509 2240 καὶ
524 2201 762 2248 Θουκυδίδης,
783 2203 842 2238 καὶ
857 2200 1058 2246 α’δυνατία,
1080 2204 1128 2242 ὡς
1146 2202 1387 2254 Δεινόλοχος.
1416 2200 1441 2237 †
1459 2199 1686 2246 Ἀκόλουθα,

230 2266 414 2315 Ἀντιφῶν
427 2267 472 2301 τά
484 2263 649 2313 ἑπόμενα
665 2265 722 2299 καὶ
738 2266 928 2314 σύμφωνα.
948 2261 1201 2308 τἈποδικεῖν,
1216 2263 1300 2300 α’ντὶ
1314 2267 1389 2308 τοῦ,
1402 2263 1686 2310 ἀπολογεῖσθαι.

230 2328 344 2368 οὕτως
376 2327 577 2377 Ἀντιφῶν.
643 2325 785 2362 Ultima
809 2325 934 2375 glossa
965 2324 1077 2362 etiam
1107 2329 1167 2361 est
1194 2323 1296 2373 apud
1326 2323 1496 2366 saidam,
1525 2322 1591 2360 ubi
1616 2335 1686 2372 pro

230 2391 417 2440 Ἀντιφῶν
448 2387 543 2424 male
574 2386 714 2437 legitur
735 2386 975 2435 Ἀντιφάνης,
1006 2386 1178 2435 quamvis
1208 2398 1297 2422 cum
1328 2385 1450 2422 Suida
1481 2383 1686 2422 conveniat

232 2450 430 2488 Eudemus
462 2449 554 2487 Lex.
583 2449 742 2486 Rhetor.
772 2448 862 2486 MS.
886 2447 991 2498 quod
1018 2447 1154 2486 Celeb.
1181 2447 1328 2484 Praeses
1357 2446 1508 2483 Parisiis
1529 2446 1684 2484 evolvit.

233 2511 294 2549 De
332 2511 466 2548 liorum
500 2509 695 2547 nominum
727 2509 1010 2559 permutatione
1045 2509 1142 2558 Cap.
1179 2508 1249 2546 IV.
1283 2507 1466 2544 nonnulla
1495 2506 1684 2545 dicemus.

232 2573 406 2611 Lexicon
440 2572 536 2622 Reg.
572 2571 657 2609 MS.
686 2571 825 2621 Τρίτην
851 2572 993 2621 ἡμέραν
1025 2572 1100 2622 χρὴ
1127 2572 1267 2618 λέγειν,
1295 2570 1379 2620 οὐχὶ
1411 2574 1510 2619 τρεῖς
1534 2570 1685 2620 ἡμέρας.

231 2635 418 2687 Ξενοφῶν·
441 2635 500 2672 καὶ
516 2634 641 2684 τρίτην
661 2634 799 2683 ἡμέραν
820 2633 908 2670 αὐτὸ
929 2634 1022 2670 τοῦτ’
1037 2633 1233 2682 ἔπραττον.
1288 2629 1525 2680 Μένανδρος·
1546 2631 1688 2681 ἡμέραν

231 2702 357 2748 τρίτην
376 2698 612 2747 ἐπεκώμασεν
631 2698 733 2746 ἡμῖν.
789 2697 992 2747 Ἀντιφῶν·
1012 2692 1123 2744 ἐχθὲς
1147 2695 1239 2743 μετά
1263 2694 1363 2729 πέντ’
1381 2691 1523 2736 ἔπινον,
1544 2694 1686 2743 ἡμέραν

231 2763 358 2809 τρίτην
373 2757 455 2810 μεθ’
470 2757 579 2796 ἑπτά.
611 2756 875 2795 Antiatiifflffla
897 2756 983 2792 MS.
1014 2754 1280 2806 Ἀπειὲαρχία.
1307 2756 1490 2805 Ἀντιφῶν
1510 2755 1686 2791 πολικῶν.

230 2820 512 2870 corrigendum
545 2819 697 2857 videtur
725 2822 912 2868 πολιτιυῇ,
942 2823 982 2854 ut
1013 2815 1096 2864 ojus
1133 2817 1249 2864 λόγος
1276 2814 1465 2858 πολιτικὸς
1499 2814 1687 2863 intelliga-

232 2888 306 2918 tur.
