1818 3189
316 213 398 256 182
789 213 822 253 Ι.
859 212 983 254 ΟΤΤ.
1017 212 1293 255 SLUITERI

366 319 629 368 Antiquorum
650 325 791 364 autem,
821 319 887 369 qui
909 318 958 357 de
979 319 1183 358 Andocide
1207 319 1479 370 prodiderunt,
1503 333 1579 357 non
1599 327 1658 360 est
1677 335 1769 360 con-

313 382 483 419 sentiens
505 380 552 418 de
574 380 662 418 stilo
684 380 782 418 illius
805 380 1014 429 judicium,
1033 394 1119 420 cum
1141 381 1204 419 alii
1227 381 1312 431 ejus
1340 381 1624 432 simplicitatem
1645 385 1768 420 tenni-

311 448 507 490 tatemque
528 440 702 486 laudent,
730 441 792 479 alii
813 442 1062 481 vehementer
1080 442 1380 493 reprehendant.
1439 443 1529 481 Huc
1548 444 1661 494 igitur
1680 457 1770 495 quae

309 503 519 554 pertinent,
552 503 638 541 loca
673 503 824 554 singula
855 503 1041 555 deinceps
1073 503 1288 554 subjiciam.
1346 504 1560 556 Dionysius
1590 505 1771 544 Halicar-

309 576 467 602 nasseus
485 564 524 601 in
545 564 661 615 Lysia
680 567 712 610 ξ.
732 562 783 611 β’.
804 563 986 616 Καθαρός
1005 565 1084 603 ἐστι
1103 567 1170 610 τὴν
1189 564 1387 617 ἑρμηνείαν
1405 565 1504 604 πάνυ
1521 566 1693 618 (Lysias)
1713 570 1771 606 καὶ

308 632 374 671 τῆς
391 626 560 671 Ἀττικῆς
581 629 751 674 γλώττης
767 628 917 677 ἄριστος
935 630 1070 671 κανὼν,
1092 629 1134 664 οὒ
1149 634 1213 672 τῆς
1232 629 1410 678 ἀρχαίας,
1432 625 1455 682 ᾗ
1474 629 1650 679 κέχρηται
1664 628 1773 666 Πλάν

308 702 382 725 των
401 689 461 725 καὶ
479 686 720 734 Θουκυδίδης,
740 690 844 727 ἀλλὰ
865 696 928 734 τῆς
950 691 1026 726 κατ’
1045 688 1183 726 ἐκεῖνον
1202 688 1266 727 τὸν
1285 691 1425 743 χρόνον
1443 690 1771 741 ἐπιχωριαζούσης·

310 751 360 792 ὡς
378 749 457 788 ἐστὶ
471 751 662 800 τεκμήριον
673 755 749 793 τοῖς
764 766 801 787 τε
811 749 1028 788 Ἀνδοκίδου
1041 752 1185 799 λόγοις,
1208 752 1268 788 καὶ
1282 756 1358 794 τοῖς
1373 750 1542 801 Κριτίου,
1559 752 1619 788 καὶ
1637 753 1772 796 ἄλλοις

313 814 482 865 συχνοῖς.
516 809 628 849 Idem
653 827 694 848 π.
719 828 753 848 τ.
781 810 939 849 Θουκυδ.
967 809 1103 862 ’Ῑδιωμ-
1135 823 1176 862 p.
1198 816 1289 850 161.
1315 825 1350 849 v.
1380 815 1446 849 30.
1476 810 1582 862 Πρὸς
1614 811 1651 850 δὲ
1684 811 1771 857 τοὺς

309 872 369 910 ἐπὶ
394 872 460 912 τὸν
480 873 641 925 ἀρχαῖον
670 870 761 919 βίον
780 873 1036 924 ἀναφέροντας
1068 875 1135 918 τὴν
1162 872 1387 911 Θουκυδίδου
1420 872 1625 922 διάλεκτον,
1650 877 1700 919 ὡς
1728 875 1772 921 δὴ

248 941 253 946 ’
306 936 386 974 τότε
400 937 607 986 ἀνθρώποις
625 932 744 973 οὖσαν
764 933 919 982 συνῆθη,
933 933 1082 987 βραχὺς
1101 936 1246 988 ἀπέχρη
1265 950 1328 987 μοι
1347 936 1466 983 λόγος
1480 936 1540 972 καὶ
1559 938 1694 988 σαφὴς,
1716 937 1772 975 ὅτι

307 999 463 1034 πολλῶν
479 1000 692 1047 γενομένων
708 995 900 1051 Ἀθήνῃσι
913 999 1007 1034 κατὰ
1027 996 1090 1035 τὸν
1103 995 1462 1043 Πελοποννησιακὸν
1480 999 1647 1050 πόλεμον
1665 999 1773 1049 ῥητό-

307 1075 385 1111 ρων
403 1075 441 1097 τε
462 1061 521 1097 καὶ
540 1061 764 1112 φιλοσόφων,
793 1058 909 1102 οὒδεὶς
938 1062 1116 1110 κέχρηται
1146 1059 1257 1115 ταῦτῃ
1279 1062 1322 1107 τῇ
1343 1058 1532 1111 διαλέκτῳ,
1551 1059 1625 1098 οὐδ’
1640 1060 1675 1098 οἱ
1693 1062 1774 1112 περὶ

304 1120 524 1168 Ἀνδοκίδην
552 1123 611 1158 καὶ
638 1123 872 1174 Ἀντιφῶντα
899 1122 960 1158 καὶ
980 1120 1135 1160 Λυσίαν
1162 1120 1331 1172 ῥῆτορες,
1358 1122 1432 1159 οὔθ’
1454 1121 1488 1159 οἱ
1516 1123 1598 1172 περὶ
1613 1121 1773 1172 Κριτίαν

307 1184 368 1221 καὶ
391 1181 618 1230 Ἀντισθένη
637 1185 697 1220 καὶ
715 1182 936 1235 Ξενοφῶντα
959 1181 1190 1233 Σωκρατικοί.
1247 1182 1517 1233 Hermogenes
1545 1181 1595 1221 de
1625 1182 1774 1221 Formis

309 1246 421 1283 Orat.
444 1245 470 1284 l.
490 1245 542 1284 II.
563 1257 603 1296 p.
625 1248 718 1283 501.
745 1243 794 1283 ‘O
813 1243 849 1282 δὲ
868 1243 1087 1290 Ἀνδοκίδης
1114 1243 1301 1287 πολιτικὸς
1327 1243 1396 1295 μὲν
1414 1242 1511 1282 εἶναι
1528 1249 1772 1296 προαιρεῖται,

307 1309 349 1345 οὒ
366 1309 442 1357 μὴν
470 1307 570 1346 πάνυ
599 1323 643 1356 γε
671 1306 914 1358 ἐπιτυγχάνει
946 1306 1084 1344 τούτου·
1114 1304 1369 1357 ἀδιᾶρθρωτος
1399 1307 1475 1358 γάρ
1502 1306 1604 1345 ἐστιν
1628 1306 1669 1345 ἔν
1697 1311 1774 1350 τοῖς

310 1370 481 1421 σχῆμασι
501 1371 561 1406 καὶ
580 1368 866 1420 α’διευκρίνητος,
887 1369 949 1404 καὶ
969 1370 1015 1405 τά
1035 1370 1164 1405 πολλιί
1186 1367 1431 1406 έπισυνάπτει
1450 1383 1487 1404 τε
1512 1369 1572 1405 καὶ
1588 1366 1773 1420 περιβάλ-

306 1433 364 1469 λει
393 1431 558 1474 ἀτάκτως
585 1431 645 1468 διά
674 1430 714 1468 τὸ
742 1435 827 1473 ταῖς
859 1427 1058 1477 ἐπιβολαῖς
1088 1430 1201 1481 χωρὶς
1238 1431 1446 1480 εὖκρινείας
1477 1432 1654 1485 χρῆσθαι·
1683 1430 1774 1470 ὅθεν

308 1492 403 1539 ἔδοξέ
431 1510 487 1536 τις
520 1492 686 1544 φλυαρὸς
707 1494 766 1529 καὶ
785 1495 911 1534 ἄλλως
930 1493 1077 1544 α’σαφὴς
1097 1490 1204 1530 εἶναι·
1234 1493 1446 1543 ἐπιμελείας
1465 1491 1503 1530 δὲ
1522 1494 1620 1544 αὑτῷ
1635 1495 1696 1531 καὶ
1713 1496 1772 1532 κό-

309 1571 404 1606 σμου
430 1554 530 1592 πάνυ
549 1552 678 1606 βραχὺ
704 1556 863 1605 μέτεστι,
884 1555 1112 1604 γοργότητος
1132 1569 1170 1591 τε
1188 1554 1379 1597 ὡσαύτως·
1402 1554 1461 1591 καὶ
1477 1556 1607 1604 μέντοι
1626 1555 1685 1592 καὶ
1707 1563 1773 1602 τῆς

307 1619 404 1655 κατά
421 1615 577 1667 μέθοδον
597 1615 804 1662 δεινότητος
824 1617 977 1664 ὀλίγον,
999 1616 1104 1653 α’λλοῖ
1125 1617 1183 1653 καὶ
1206 1615 1347 1668 σφόδρα
1376 1617 1512 1664 ὀλίγον
1528 1614 1619 1668 ἔχει·
1650 1625 1715 1663 τῆς
1743 1618 1774 1656 δ’

306 1680 433 1725 ἄλλης
454 1677 590 1729 σ-χεδὸν
610 1677 683 1716 οὐδ’
711 1677 822 1721 ὅλως.
879 1677 1138 1716 Philostratus
1167 1677 1216 1715 de
1235 1677 1336 1716 Vitis
1356 1677 1529 1728 Sophist.
1551 1677 1577 1716 l.
1599 1678 1654 1717 11.
1674 1692 1710 1718 c.
1729 1683 1768 1718 1.

307 1743 337 1788 ξ.
357 1744 423 1778 14.
444 1751 483 1790 p.
504 1743 595 1778 564.
616 1740 665 1778 de
686 1739 846 1777 Herode
867 1746 1021 1777 narrat:
1049 1738 1201 1787 βοώσης
1221 1738 1258 1777 δὲ
1284 1739 1341 1777 ἐπ’
1363 1739 1477 1777 αὑτὸν
1495 1746 1560 1785 τῆς
1585 1740 1771 1785 Ἑλλάδος

305 1803 366 1839 καὶ
384 1803 574 1846 καλούσης
607 1801 720 1840 αὑτὸν
738 1801 805 1839 ἕνα
833 1807 906 1839 τῶν
925 1801 1023 1846 δέκα,
1044 1803 1117 1857 οὺχ
1141 1800 1282 1848 ἡττήθη
1308 1805 1370 1839 τοῦ
1399 1801 1571 1853 ἐπαίνου,
1597 1803 1772 1853 μεγάλου

306 1862 514 1908 δοκοῦντος,
545 1864 634 1902 ἀλλ’
654 1862 881 1901 α’στειότατα
900 1863 993 1914 πρὸς
1023 1864 1106 1906 τοὺς
1134 1864 1425 1910 ε’παινέσαντας,
1453 1863 1670 1902 Ἀνδοκίδου
1686 1863 1771 1914 μὲν,

306 1924 386 1976 ἔφη,
400 1923 564 1972 βελτίων
583 1927 671 1975 εἰμί,
712 1925 802 1969 Quo
819 1924 927 1962 dicto
948 1925 1165 1975 respexisse
1186 1938 1273 1962 eum
1295 1925 1344 1962 ad
1364 1925 1590 1975 pravitatem
1611 1938 1773 1972 morum,

308 1999 387 2036 qua
402 1985 508 2037 apud
525 1991 704 2036 posteros
719 1986 816 2024 male
837 1986 963 2024 audiit
980 1986 1138 2033 Orator,
1155 1986 1369 2036 probabilis
1391 1992 1450 2024 est
1463 1986 1610 2024 Olearii
1624 1986 1772 2037 opinio.

307 2046 418 2085 Idem
439 2060 531 2084 vero
551 2047 745 2094 Olearius‚
774 2047 880 2096 quod
903 2047 1034 2094 miror,
1061 2047 1308 2085 Andocidem
1338 2060 1413 2085 non
1434 2048 1508 2085 nisi
1526 2060 1574 2085 ex
1594 2048 1770 2087 Pseudo*

306 2108 520 2148 Plutarcho
549 2114 590 2146 et
623 2108 765 2146 Photio
797 2108 996 2159 cognitum
1030 2109 1214 2147 habuisse
1239 2108 1415 2152 videtum
1447 2121 1610 2156 quorum
1639 2109 1702 2148 ille
1729 2111 1767 2149 in

306 2171 398 2209 Vita
418 2169 636 2209 Andocidis
667 2169 715 2208 ad
744 2169 886 2208 finem:
909 2171 1022 2209 Ἐστι
1051 2170 1088 2208 δὲ
1108 2173 1253 2213 ἁπλοῦς
1273 2172 1332 2207 καὶ
1361 2171 1612 2214 ἀκατάσκευος
1635 2171 1676 2209 ἒν
1694 2177 1771 2215 τοῖς

305 2234 452 2281 λόγοις,
471 2233 613 2285 α’φελῆς
632 2247 670 2271 τε
691 2233 751 2269 καὶ
770 2232 1086 2283 α’σχημάτιστοςε
1117 2229 1208 2270 huic
1227 2230 1363 2269 iisdem
1386 2231 1465 2270 fere
1487 2231 1615 2270 verbis
1631 2248 1639 2272 ε
1658 2233 1770 2271 ’Έστι

307 2294 336 2331 δ’
355 2295 396 2332 ἐν
416 2297 558 2337 τούτοις
583 2295 602 2332 ὁ
628 2295 722 2345 α’νὴρ
740 2296 883 2337 ἁπλοῦς
903 2309 940 2332 τε
967 2296 1026 2332 καὶ
1045 2294 1310 2341 ἀκατάσκευος,
1329 2294 1505 2347 α’φελείας
1525 2310 1563 2332 τε
1581 2295 1692 2347 φίλος
1712 2298 1771 2333 καὶ

308 2359 357 2407 τῷ
372 2357 644 2409 α’σχηματίστῳ
661 2357 994 2408 σχηματιζόμενος.
1051 2356 1338 2401 Quinctilianus
1360 2357 1391 2394 Ῑ.
1412 2357 1464 2395 O.
1486 2357 1510 2394 Ι.
1534 2357 1628 2394 XII.
1649 2370 1685 2395 c.
1705 2362 1769 2396 10.

308 2422 335 2439 “
357 2417 608 2468 Quapropter
634 2418 725 2456 mihi
756 2418 836 2456 falli
870 2419 1034 2457 multum
1055 2418 1250 2464 videntur,
1284 2418 1352 2468 qui
1382 2419 1485 2457 solos
1513 2431 1599 2457 esse
1618 2418 1771 2457 Atticos

308 2478 475 2518 credunt
495 2485 628 2518 tenues
654 2487 694 2518 et
723 2480 872 2519 lucidos
893 2487 932 2519 et
953 2479 1229 2531 significantes,
1254 2481 1322 2519 sed
1343 2480 1511 2532 quadam
1531 2480 1768 2530 eloquentia:

307 2540 528 2592 frugalitate
555 2547 773 2588 contentos,
803 2556 849 2581 ac
870 2555 1020 2594 semper
1045 2556 1198 2581 manum
1229 2543 1329 2581 intra
1358 2543 1516 2593 pallium
1545 2543 1768 2581 retinentes.

309 2603 410 2640 Nam
437 2602 522 2651 quis
550 2602 623 2640 erit
651 2603 715 2641 hic
742 2603 926 2643 Atticus?
957 2605 1008 2642 sit
1027 2605 1184 2656 Lysias;
1214 2604 1318 2643 huuc
1349 2604 1449 2643 enim
1480 2606 1771 2656 amplectuntur

310 2671 502 2703 amatores
531 2664 641 2703 istius
671 2665 837 2704 nominis
857 2666 1030 2704 modum.
1089 2667 1178 2704 Non
1209 2666 1324 2716 igitur
1346 2667 1430 2717 jam
1452 2680 1575 2719 usque
1596 2668 1645 2706 ad
1666 2668 1768 2706 coc·

309 2739 396 2764 cum
415 2733 454 2764 et
469 2725 716 2765 Andocidem
730 2727 1008 2766 remittemur.”
1064 2728 1294 2767 Ammianus
1314 2728 1566 2767 Marcellinus
1585 2730 1611 2767 1.
1634 2729 1768 2767 XXX.

310 2800 345 2825 c.
365 2791 403 2825 4.
449 2792 474 2809 “
496 2787 704 2826 Florebant
738 2789 941 2839 elegantiae
981 2790 1118 2840 priscae
1153 2789 1379 2840 patrociniis
1417 2790 1637 2837 tribunalia,
1680 2804 1768 2829 cum

314 2847 502 2886 Oratores
531 2850 697 2888 concitae
725 2850 921 2888 facundiae
951 2852 1088 2890 attenti
1120 2851 1258 2890 studiis
1285 2852 1566 2901 doctrinarum,
1596 2854 1767 2904 ingenio,

313 2907 403 2955 fide,
425 2910 565 2961 copiis,
585 2914 899 2963 ornamentisque
922 2912 1080 2952 dicendi
1100 2914 1276 2964 pluribus
1297 2915 1534 2961 eminebant,
1556 2923 1597 2954 ut
1626 2916 1767 2953 Demo-

312 2970 466 3009 sthenes
488 2993 533 3000 —
549 2979 587 3010 et
601 2972 846 3012 Callistratus
863 2997 913 3003 ——
930 2981 970 3012 ut
991 2975 1225 3025 Hyperides,
1247 2982 1285 3014 et
1302 2975 1524 3025 AEschines‚
1544 2984 1582 3016 et
1596 2976 1769 3015 Andoci-

314 3031 395 3078 (lcs,
416 3040 454 3071 et
477 3034 709 3082 Dinarchus,
734 3043 770 3074 et
794 3036 993 3088 Antiphon
1016 3036 1075 3075 ille
1098 3037 1370 3083 Rliamnusius,
1392 3039 1503 3076 caet.''
