1818 3189
221 169 264 210 vi
627 165 950 210 PRAEFATIO
985 165 1293 210 EDITORIS.

219 282 403 341 Lector,
421 299 546 331 eram
563 282 892 346 gratulaturuS‚
911 283 1042 346 quod
1062 300 1118 331 ex
1132 282 1369 347 locuplete
1383 299 1508 347 penu
1524 281 1677 330 Almae

218 363 388 411 Matris
412 363 519 426 (nec
541 364 589 410 in
614 363 757 421 illam,
780 365 894 412 dum
915 366 1038 423 vivo,
1064 365 1150 413 ulli
1175 383 1232 413 ex
1258 365 1460 412 alumnis
1485 366 1586 428 ejus
1606 381 1677 411 se-

215 447 397 494 cundus
418 448 592 510 pietate
615 446 782 495 lubens
802 447 1031 510 habebor)
1057 447 1174 495 mihi
1198 449 1472 512 contigisset
1495 446 1678 494 coroni-

215 530 323 577 dem
356 537 449 576 tam
487 530 729 593 egregiam
762 547 816 577 ac
848 531 1122 594 praeclaram
1159 530 1306 593 operi,
1333 531 1382 576 in
1412 546 1505 593 quo
1532 528 1678 591 pluri-

212 628 341 658 mum
376 611 603 675 plurimos
641 629 788 660 annos
827 613 1167 669 desudaverim,
1192 614 1272 659 vix
1302 612 1495 675 tandem
1529 612 1676 674 impo-

211 710 333 740 nere.
393 693 462 741 At
496 711 604 757 spes
641 711 717 741 me
750 694 1045 757 aliquatenus
1069 694 1252 741 fefellit.
1324 693 1511 741 Placuit
1533 693 1675 751 enim,

210 777 368 823 nescio
385 793 478 839 quo
495 793 623 832 casn,
645 778 765 824 inter
785 775 1159 832 exscribendum,
1177 773 1374 822 Senatui
1386 775 1676 821 Academico

210 875 371 905 omnes
400 858 597 906 schedas
629 859 938 922 supradictas,
965 858 1064 904 sive
1090 857 1314 920 integras,
1341 857 1440 904 sive
1465 857 1514 903 in
1539 873 1674 903 cuso-

209 958 312 988 rum
330 940 553 988 librorum
575 941 867 1004 marginibus
892 941 1104 1003 scriptas,
1131 939 1412 1001 Syndicatui
1441 956 1521 986 sex
1545 956 1673 986 men-

208 1023 332 1069 sium
355 1023 416 1069 ad
450 1023 792 1084 inspectionem
816 1022 1095 1086 adsignare:
1138 1021 1266 1069 unde
1290 1023 1378 1079 avi,
1401 1022 1563 1077 fateor,
1591 1021 1674 1069 ad-

207 1122 340 1153 versa
363 1105 413 1150 in
438 1121 576 1151 omne
606 1104 656 1150 id
683 1113 868 1168 tempus
895 1106 1047 1152 omnis
1073 1121 1233 1151 earum
1259 1120 1400 1151 usura
1434 1103 1550 1151 mihi
1585 1105 1672 1150 eri-

208 1187 438 1250 piebatur.
523 1186 721 1233 Factum
761 1186 1016 1244 lamentor;
1062 1186 1332 1233 nullatenus
1381 1203 1669 1250 conqueror:

206 1269 451 1317 thesaurus
495 1269 621 1316 enim
656 1270 706 1315 in
731 1269 1066 1316 eruditioribus
1097 1269 1316 1315 manibus
1347 1269 1464 1315 situs
1504 1276 1590 1326 est,
1623 1276 1672 1316 at

207 1360 331 1401 certe
353 1370 449 1399 non
475 1354 523 1399 in
543 1351 895 1399 amicitioribus.
951 1352 1046 1399 Res
1075 1353 1180 1415 ipsa
1200 1351 1434 1414 loquitur:
1473 1368 1580 1414 pars
1600 1368 1667 1408 ea,

206 1453 315 1500 quae
343 1436 405 1482 ad
429 1434 794 1482 Demosthenem
819 1437 996 1492 attinet,
1029 1434 1306 1498 imperfecta
1335 1441 1521 1491 manet3
1559 1450 1669 1497 quae

205 1519 265 1565 ad
305 1526 499 1565 caeteros
532 1517 752 1566 Oratores
776 1518 960 1565 Atticos
993 1525 1039 1563 et
1071 1515 1335 1579 Sophistas,
1366 1515 1490 1562 habe
1524 1523 1668 1578 atque

202 1601 379 1647 fruitor.
451 1599 513 1646 Et
543 1617 705 1645 revera
745 1598 1091 1645 Demosthenes
1127 1615 1260 1643 meus
1299 1597 1583 1644 Adversaria
1605 1597 1668 1644 ad

202 1682 513 1745 Philippicas,
555 1680 816 1735 Suasorias‚
856 1678 1226 1740 Orationemque
1264 1678 1323 1724 de
1366 1678 1572 1738 Corona,
1621 1687 1668 1726 et

199 1765 374 1826 majore
397 1780 454 1808 ex
477 1768 609 1824 parte
628 1760 688 1806 ad
714 1760 991 1808 Orationem
1010 1760 1070 1807 de
1083 1759 1205 1807 male
1230 1769 1365 1824 gesta
1387 1760 1659 1824 Legatione‚

200 1846 405 1893 lucratus
450 1851 539 1890 est:
596 1849 779 1899 caetera,
828 1842 1027 1890 dimidio
1067 1845 1261 1901 minora,
1322 1844 1659 1892 desiderantur.

201 1928 407 1975 Causam
426 1926 546 1972 dixi:
571 1925 768 1987 tempori
793 1924 927 1972 cedo.
980 1926 1172 1973 Interim
1197 1927 1344 1973 editio
1367 1935 1537 1985 nostra,
1556 1927 1659 1975 vul-

199 2021 360 2077 gatum
392 2009 674 2075 jamdudum
711 2025 922 2072 poscenS,
957 2027 1013 2057 ex
1044 2011 1321 2058 necessitate
1356 2010 1662 2075 pervulgatur

197 2104 340 2158 atque
362 2094 528 2141 editur.

263 2177 420 2224 Velim
443 2176 559 2222 mihi
583 2177 840 2240 contingat,
867 2177 1203 2225 candidissime
1237 2177 1416 2236 Lector,
1437 2179 1529 2225 tuis
1553 2178 1655 2226 lau-

197 2261 335 2308 dibus
368 2258 756 2322 indulgentiaque
787 2260 994 2316 excitari,
1025 2276 1121 2322 quo
1156 2261 1308 2324 magis
1331 2260 1571 2323 amplexer
1600 2279 1655 2309 ac

196 2343 347 2390 colam
382 2341 540 2388 literas
575 2340 890 2388 humaniores.
963 2341 1106 2395 Quod
1133 2344 1172 2388 si
1195 2341 1286 2399 fiet,
1314 2342 1363 2388 id
1394 2341 1509 2389 mihi
1547 2361 1652 2407 gra-

195 2426 426 2472 tissimum
448 2425 547 2470 erit.
619 2423 750 2481 Vale,
775 2424 840 2470 mi
864 2422 1056 2482 Lector;
1094 2423 1213 2485 vale,
1237 2432 1285 2472 et
1307 2423 1448 2473 salve.

248 2587 321 2626 Die
343 2599 474 2625 xxm.
496 2587 736 2635 Decembris,
755 2599 796 2626 Α.
814 2601 846 2626 s.
867 2599 1210 2635 MDcccxxan,
1239 2601 1291 2627 ex
1321 2588 1462 2629 Museo
1482 2599 1582 2636 meo,
1609 2588 1649 2628 in

196 2656 279 2694 vico
298 2669 410 2707 quem
432 2665 572 2697 vocant
594 2658 858 2705 Hrc-HGATE,
877 2671 995 2710 prope
1015 2658 1243 2697 Londinum.
