1818 3189
174 211 258 254 384

219 314 306 355 [scil.
341 313 494 355 δραχμὰς]
536 313 691 354 τετάχθαι
728 312 887 343 ἀποτῖσαι.

216 358 300 396 quod
326 368 343 387 a
372 358 440 396 lege
469 356 668 386 constitutum
695 355 749 391 sit,
778 360 812 386 ut
834 372 888 385 —-.

222 403 294 435 120,
310 400 368 429 ult.

172 443 285 483 ταχὺς]
304 439 451 482 ταχίστην
470 441 520 471 τοῦ
542 440 672 480 παρόντος
689 439 774 470 κακοῦ
791 439 887 479 μετά-

218 495 335 514 στασιν.
349 486 404 519 78,
420 489 539 522 antep..

175 526 313 567 τειχήρεις
327 525 486 565 ἐγενόμεθα.
505 525 731 555 obsidebamur.
745 526 798 560 99,
815 527 845 554 6.

174 568 326 609 τειχίζειν]
349 567 536 609 ἐτειχίσαμεν
551 567 596 597 τὸν
610 570 735 608 Πειραιεῖ.
752 569 804 601 91,
822 569 874 597 18,

175 611 289 652 τεῖχος]
308 611 594 650 συγκατασκάωτειν
609 612 649 639 τα
665 609 758 650 τείχη.
773 611 826 645 51,
844 612 874 639 2.

175 654 337 694 τεκμήριον]
363 652 518 692 τεκμηρίοις
533 655 587 693 χρὴ
602 654 662 685 τοῖς
676 652 802 691 πρότερον
817 662 888 689 γενο-

217 695 311 736 μένοις
319 694 440 738 χρῆσθαι
452 695 513 734 περὶ
523 698 577 725 τῶν
588 694 752 733 μελλόντων
761 693 887 724 ἔσεσθαι.

220 740 272 774 91,
287 740 319 768 3.

174 780 298 821 τέλειος]
325 779 396 810 καθ’
421 780 494 819 ἱερῶν
517 778 628 809 τελείων
650 778 770 819 ὀμνύναι.
788 780 840 814 48,
857 780 887 809 8.

219 825 273 858 4-9,
288 826 340 853 10.

175 865 295 905 τελετη]
321 864 455 904 peractio
474 873 629 894 sacrorum
646 861 887 898 Eleusiniorum,

217 908 362 938 initiatio.
378 907 448 946 «περὶ
469 909 522 936 τῶν
539 904 725 946 γεγενημένων
745 907 825 935 κατὰ
839 907 889 936 τὴν

218 950 343 980 τελετήν.
361 951 414 984 55,
430 953 460 980 5.

175 993 309 1032 τελευτὴ]
335 993 470 1022 τελευτῆν
496 990 729 1031 ὑπερβάλλουσαν
754 991 804 1020 τοῦ
827 989 888 1024 βίου

219 1033 375 1065 ποιεῖσθαι.
396 1036 471 1069 125,
488 1037 518 1063 1.

175 1077 273 1118 τέλος]
297 1077 401 1108 τούτων
420 1075 454 1105 τὸ
471 1075 553 1109 τέλος
567 1074 633 1105 ἐστὶ
653 1075 721 1114 παρ’
743 1076 820 1115 ὑμῖν.
848 1076 887 1105 ad

218 1121 306 1161 finem
321 1120 490 1159 perducere
507 1129 601 1157 penes
618 1128 672 1147 vos
688 1122 746 1148 est.
766 1121 839 1155 109,
855 1121 886 1148 8.

218 1162 302 1196 τέλος
326 1162 388 1203 ’ἔχει
410 1161 495 1202 [scil.
520 1161 532 1190 ὁ
558 1161 662 1201 ἀγών]
686 1163 760 1196 115,
785 1163 815 1190 6.
838 1159 887 1191 τέ·

215 1211 274 1242 λος,
289 1205 436 1244 vectigal‚
454 1204 601 1246 πριάμενος
616 1205 659 1243 μὴ
678 1201 887 1236 καταβάλλειν.

217 1249 271 1283 45,
286 1250 317 1278 6.

174 1288 286 1330 τέμνειν
307 1292 357 1322 τὴν
378 1291 483 1332 χώραν.
509 1290 670 1319 devastare
692 1298 809 1327 agrurn.
832 1289 886 1324 50,

218 1343 291 1371 pen.
322 1336 375 1368 93,
391 1337 442 1363 10.
467 1334 518 1367 98,
535 1334 587 1361 12.

173 1376 199 1404 οἳ
215 1376 400 1416 τετρακόσιοι.
412 1377 465 1409 37,
480 1377 508 1405 9.
526 1376 578 1408 80,
595 1374 649 1402 ult.

176 1418 356 1457 τηλικοῦτος]
373 1416 407 1451 ,ὃς
428 1415 607 1449 τηλικαύτας
629 1415 755 1444 ποιεῖται
776 1417 832 1444 τῶν
853 1415 887 1444 ἅ-

217 1461 422 1500 μαρτημίιτων
436 1457 599 1498 ὑπερέολάς.
617 1459 690 1491 123,
709 1459 739 1486 8.

173 1500 279 1532 τιθέναι
304 1503 499 1542 παράστασιν.
526 1502 579 1535 60,
602 1502 633 1531 3.
662 1498 767 1530 θέσθαι
790 1501 887 1534 καλῶς

217 1546 274 1578 τὰς
286 1543 433 1583 γενομένας
445 1542 510 1583 πρὸς
524 1543 664 1575 ἀλλήλους
676 1541 817 1581 διαφοράς.
832 1545 888 1579 70,

215 1590 247 1617 4.
271 1590 327 1621 τὰς
339 1586 442 1620 ἕουλὰς
456 1585 568 1626 ἀκύρους
581 1584 686 1615 ἔθεσθε.
703 1583 887 1614 reddidistis

216 1630 378 1660 invalidas.
400 1632 453 1666 89,
478 1631 508 1659 8.
538 1627 648 1666 γνώμην
673 1624 803 1656 τίθεσθαι
826 1625 888 1666 περί

215 1683 299 1706 τινος.
313 1674 366 1709 99,
382 1674 414 1702 ’7.

173 1714 265 1754 τιμξιν
278 1717 327 1748 τὴν
342 1714 421 1745 πόλιν
436 1713 495 1745 ἀπὸ
509 1714 565 1744 τῶν
580 1712 679 1743 ἑαυτοῦ
694 1711 797 1743 ωόνων.
811 1715 887 1749 129,

217 1760 267 1787 10.

172 1799 314 1841 τιμωρία]
339 1799 508 1840 τραπόμενοι
524 1798 571 1829 οὐκ
586 1798 642 1829 ἐπὶ
657 1797 803 1839 τιμωρίαν,
816 1796 886 1827 ἀλλ’

214 1841 262 1873 ἐπὶ
278 1841 424 1883 σωτηρίαν.
439 1845 492 1878 69,
509 1843 564 1872 ult.
591 1840 728 1881 τιμωρίαν
744 1839 887 1871 ποιεῖσθαί

213 1896 284 1919 τινος
298 1885 360 1916 οὔτε
376 1883 521 1925 δημοσίαν,
537 1885 600 1915 οὔτε
615 1883 693 1913 ἰδίαν.
713 1894 809 1922 neque
826 1894 884 1923 pu-

213 1929 306 1963 blice,
323 1939 420 1967 neque
436 1928 579 1966 privatim
592 1928 736 1966 plectere.
750 1929 825 1961 121,
841 1929 872 1957 8.

172 1969 308 2011 τιμωρὸς]
341 1971 432 2006 ultor,
454 1969 579 2000 vindex.
610 1968 668 1998 θεοῖ
693 1970 772 2007 σφῶν
793 1969 886 1999 αὐτῶν

215 2013 431 2053 προύστήσαντο
453 2010 572 2053 τιμωρὸν
593 2008 721 2049 γενέσθαι
743 2009 883 2050 Κηφίσιον.

215 2057 270 2092 69,
289 2058 319 2086 2.

170 2108 217 2131 τις
231 2098 367 2137 elliptice
382 2099 479 2128 abest.
496 2099 549 2133 28,
565 2099 594 2128 6.

169 2141 310 2181 τοιοῦτος]
333 2141 361 2170 in
378 2141 511 2170 laudem.
540 2141 575 2174 ὡς
594 2138 676 2173 οὐδείς
698 2149 744 2169 πω
762 2139 882 2173 τοιοῦτος

214 2183 372 2221 γεγένηται.
388 2185 462 2219 124,
479 2185 531 2213 14.

170 2225 285 2267 τοῖχος]
310 2226 410 2265 paries
426 2226 565 2265 porticus
581 2224 712 2255 Poeciles
729 2224 835 2259 dictae,
849 2223 880 2253 in

212 2279 274 2307 quo
289 2270 373 2308 leges
390 2272 522 2298 exaratae
538 2269 669 2297 suerunt.
699 2268 764 2301 τοὺς
784 2266 883 2306 νόμους

214 2311 252 2344 εἰς
266 2311 312 2342 τὸν
325 2312 424 2352 τοῖχον
435 2311 611 2350 ἀναγράφειν.
628 2313 681 2345 40,
697 2320 769 2349 pen.

168 2354 297 2395 τολμᾷν]
322 2355 444 2389 audere,
461 2363 478 2382 a
494 2363 527 2382 se
544 2353 720 2392 impetrare,
743 2362 775 2380 se
796 2350 884 2389 quasi

213 2395 337 2426 vincere
367 2400 398 2425 et
429 2405 616 2435 expugnare,
642 2399 673 2424 et
701 2394 797 2423 invito
825 2392 883 2422 sibi

213 2438 329 2477 aliquid
347 2442 541 2476 extorquere,
551 2442 584 2467 ut
599 2441 680 2475 agat,
696 2436 778 2475 quod
794 2435 880 2465 nolit.

213 2481 285 2510 tiber
299 2482 358 2510 sein
372 2480 453 2510 Herz
472 2481 594 2519 bringen
615 2479 659 2519 [to
672 2479 743 2519 find
759 2479 791 2508 in
811 2477 885 2508 one's

213 2524 329 2564 Μανῆ.
351 2525 404 2558 84,
421 2525 472 2552 17.
490 2524 563 2557 131,
576 2524 606 2551 4.

170 2565 325 2607 τολμηρὸς]
350 2565 551 2605 τολμηροτάτη
568 2563 643 2600 γυνή.
661 2565 713 2598 63,
730 2565 761 2592 4.

172 2607 303 2648 τοξότης]
328 2607 516 2647 sagittarius,
533 2607 586 2636 sed
600 2606 679 2644 apud
694 2604 885 2634 Andocidem

215 2655 265 2680 est
277 2661 384 2681 servus
398 2650 554 2689 publicus,
565 2659 624 2678 aere
637 2647 761 2687 publico
774 2652 883 2682 emtus,

215 2703 285 2722 arcu
305 2698 448 2727 armatus,
466 2692 517 2730 qui
533 2691 625 2721 alitur
639 2690 762 2729 publice
781 2690 819 2719 ad
837 2694 885 2718 tu·

214 2736 305 2765 telam
323 2741 353 2765 et
364 2735 558 2764 securitatem
575 2733 666 2763 urbis.
684 2732 776 2769 vulgo
792 2733 884 2761 Fran-

215 2777 282 2808 cicc
296 2777 419 2813 siv-cher,
435 2776 602 2811 arcuarius,
615 2775 702 2805 nobis
716 2773 845 2804 Hiischer
855 2777 886 2802 et

214 2819 339 2850 Knecht.
385 2819 430 2850 Hi
454 2819 582 2849 Athenis
603 2823 688 2848 erant
708 2827 812 2847 omnes
835 2826 887 2855 ge-

214 2872 287 2892 nere
302 2863 437 2901 Scytl=ae‚
450 2861 591 2900 primitus
604 2860 734 2890 trecenti
749 2868 885 2894 numero,

215 2905 412 2942 postmodum
442 2903 526 2934 mille
553 2908 584 2934 et
609 2902 744 2933 ducenti.
771 2904 826 2939 92,
854 2903 885 2932 2.

217 2949 269 2982 93,
285 2948 316 2977 5.

171 2988 326 3033 τράπεζα]
349 2989 501 3031 ἀλιτῆριος,
520 2988 548 3024 ὃς
567 2988 654 3021 αὐτοῦ
672 2990 720 3022 τὴν
740 2986 886 3028 τράπεζαν

596 206 792 250 INDEX
829 203 1209 247 GRAECITATIS

965 308 1130 349 ἀνατρέπει.
1151 309 1276 339 domum
1301 311 1332 338 et
1356 309 1492 339 fortunas
1512 312 1542 340 et
1563 319 1634 348 pro·

966 353 1145 391 speritatem
1161 351 1357 391 gloriamque.
1373 354 1426 387 64,
1445 355 1494 381 11.

923 392 1056 435 τρέπειν]
1087 393 1149 424 δ’ποι
1172 395 1225 432 γὰρ
1253 393 1285 422 ἂν
1313 393 1484 434 τραποίμην.
1511 402 1633 432 quoquo

965 446 1014 466 me
1031 441 1192 471 verterem.
1209 438 1262 472 83,
1276 439 1327 466 10.
1349 436 1398 465 οὐκ
1416 434 1465 466 ἐπὶ
1484 433 1635 476 τιμωρίαν,

967 476 1037 508 ἀλλ’
1050 477 1105 509 ἐπὶ
1121 477 1257 519 σωτηρίαν
1272 477 1450 518 τραπόμενοι.
1465 480 1519 514 69,
1536 477 1591 510 ult.

923 520 1032 560 τρέφειν
1047 521 1184 560 ἀλιτήριον
1200 521 1226 552 ἐν
1240 521 1278 562 τῇ
1293 519 1373 559 οἰκίᾳ.
1388 523 1441 555 64,
1458 523 1510 550 11.

923 562 1075 603 τριακόσιοι
1112 563 1229 600 ἱππεῖς,
1266 569 1297 593 et
1336 562 1463 592 totidem
1500 561 1636 601 Scythae.

970 609 1022 640 92,
1038 609 1068 635 2.

923 648 983 687 τρὶς
1011 647 1252 688 ψευδομαρτυριῶν
1281 648 1325 676 καὶ
1359 645 1577 688 ψευδοκλητείας
1606 645 1634 676 ὅ·

967 697 1094 729 φλοντες.
1109 691 1233 720 iufamia
1249 691 1439 720 notabantur.
1456 691 1508 724 35,
1527 690 1582 719 ult.

923 732 1066 774 τρόπαιον]
1083 735 1182 765 πολλὰ
1194 735 1249 762 τῶν
1264 732 1406 771 πολεμίων
1422 731 1467 771 [id
1481 736 1539 768 est,
1554 733 1635 762 κατὰ.

967 778 1021 806 τῶν
1034 774 1192 815 πολεμίων]
1206 774 1328 814 τρόπαια
1343 774 1530 804 ὑποδεικνύειν.
1540 776 1593 810 73,
1602 776 1634 803 7.

923 817 1039 858 τρόπος]
1073 819 1120 848 οὐκ
1148 817 1232 851 αὐτὸς
1256 819 1317 852 τοῖς
1339 817 1442 856 νόμοις,
1465 815 1534 845 ἀλλ’
1556 817 1634 856 ὑμᾶς

966 863 1026 894 τοῖς
1041 861 1128 890 αὑτοῦ
1143 859 1254 899 τρόποις
1268 859 1443 889 ἀκολουθεῖν.
1459 861 1534 894 121,
1551 861 1603 888 17.

923 901 1039 944 τρόχος]
1059 903 1219 940 equuleus,
1235 903 1284 932 vel
1300 907 1366 932 rota
1377 911 1470 941 genus
1483 901 1636 931 tormenti.

964 944 1141 984 ἀναςιςάζειν
1156 944 1205 974 ἐπὶ
1220 943 1266 974 τὸν
1282 944 1391 985 τρόχον.
1408 947 1461 979 22,
1473 945 1506 973 7.

923 989 1076 1029 τυγχάνειν
1105 987 1268 1027 ’προθύμων
1298 987 1346 1016 καῖ
1378 986 1496 1024 ἀγαθῶν
1526 985 1636 1024 ἀνδρῶν.

968 1034 1045 1060 bona
1061 1032 1189 1069 quadam
1205 1040 1260 1060 sua
1271 1030 1391 1059 fortuna
1402 1029 1521 1067 judices
1536 1027 1636 1066 adipi-

967 1073 1012 1102 sci
1037 1073 1201 1111 beuevolos
1224 1077 1256 1102 et
1275 1073 1367 1110 frugi.
1383 1075 1456 1107 111,
1472 1073 1522 1101 12.
1546 1069 1636 1100 waiam

965 1117 1044 1145 τινῶν
1078 1117 1134 1145 τῶν
1170 1113 1394 1154 Λακεδαιμονίων
1429 1113 1634 1153 τυγχάνοντας.

965 1158 1117 1196 quomodo
1140 1157 1287 1186 animatos
1314 1166 1388 1195 erga
1410 1166 1466 1185 nos
1489 1155 1636 1185 Lacedae-

965 1201 1095 1230 monios.
1112 1202 1165 1236 99,
1180 1202 1212 1230 3.

922 1241 1062 1283 τύραννος]
1090 1243 1140 1282 qui
1157 1253 1189 1280 p.
1206 1242 1260 1277 53,
1274 1244 1306 1272 ¹7.
1329 1246 1360 1270 et
1382 1243 1434 1275 88,
1452 1242 1504 1270 10.
1527 1240 1634 1279 appel-

963 1286 1062 1315 lantur
1080 1286 1102 1314 οἱ
1125 1284 1257 1323 τύραννοι,
1278 1283 1310 1312 hi
1331 1288 1400 1313 sunt
1418 1282 1633 1311 Pisistratidae.

964 1327 1104 1368 παρέχειν
1117 1328 1182 1359 τοὺς
1200 1325 1255 1364 μὲν
1275 1325 1371 1363 λόγους
1394 1325 1578 1363 δημαγωγοῦ,
1592 1326 1633 1354 τὰ

964 1370 992 1399 δὲ
1009 1370 1075 1408 ἔργα
1088 1369 1227 1408 τυράννου.
1246 1370 1319 1402 126,
1334 1369 1364 1397 9.

920 1411 1014 1452 τύχη]
1045 1412 1090 1441 sic
1116 1411 1209 1445 nude,
1233 1410 1273 1439 de
1299 1410 1427 1440 adversa
1453 1408 1584 1438 fortuna.
1619 1409 1633 1437 ἦ

963 1456 1034 1488 παῖς
1048 1453 1125 1494 τύχῃ
1141 1450 1308 1493 χρησαμένη
1338 1451 1484 1491 [subaudi
1504 1451 1638 1492 δυσχερεῖ

963 1497 1034 1537 τινὶ]
1070 1498 1207 1534 καμοῦσα
1235 1493 1381 1524 ἀπέθανε.
1410 1494 1465 1530 59,
1494 1493 1548 1523 ult.
1582 1493 1633 1533 ἔχε

962 1539 1041 1580 τύχῃ
1063 1538 1176 1580 ἀγαθῇ.
1198 1539 1273 1569 habe
1295 1538 1363 1573 tibi,
1378 1536 1460 1576 quod
1473 1537 1549 1567 bene
1566 1545 1633 1567 ver-

963 1586 1018 1612 tat.
1036 1584 1088 1618 60,
1104 1582 1136 1611 5.

1255 1715 1292 1739 Ὺ.

920 1796 1017 1837 ὑμεῖς]
1043 1795 1069 1828 ἐν
1088 1795 1157 1836 ὑμῖν
1175 1794 1248 1826 ἦσαν
1268 1795 1290 1825 οἳ
1314 1793 1399 1833 λόγοι.
1422 1793 1454 1824 hi
1478 1803 1634 1825 sermones

962 1840 1150 1869 habebantur
1173 1839 1205 1868 in
1235 1837 1383 1867 concione
1412 1841 1525 1873 vestra,
1550 1836 1582 1867 h.
1604 1846 1633 1866 e.

962 1882 1087 1920 publico
1102 1882 1132 1912 in
1148 1882 1229 1916 loco,
1245 1880 1355 1919 palam.
1371 1882 1424 1915 19,
1440 1882 1490 1910 10.

919 1924 1080 1964 ὑπακούειν]
1106 1923 1294 1963 respondere
1309 1923 1347 1952 ad
1363 1922 1561 1961 interrogata.
1579 1922 1632 1957 56,

962 1969 992 1996 4.
1010 1971 1041 1996 et
1055 1966 1202 2005 deinceps
1218 1965 1341 2004 saepius.

919 2008 1072 2050 ὑπάρχειν]
1101 2008 1177 2038 τίνων
1197 2006 1379 2048 ὑπαρχόντων
1394 2005 1500 2040 αὐτοῖς.
1521 2007 1632 2044 quibus

961 2056 992 2081 et
1016 2052 1135 2090 quantis
1161 2050 1222 2089 ipsi
1252 2060 1319 2079 cum
1347 2049 1431 2079 vitiis
1458 2054 1632 2087 urgeantur.

960 2095 1014 2130 44,
1032 2094 1086 2124 ult.
1109 2093 1230 2123 ἀπέδοτε
1252 2094 1302 2122 την
1320 2093 1505 2132 ὑπάρχουσαν
1526 2091 1632 2131 ἀρετήν.

960 2138 1013 2172 54,
1031 2139 1083 2166 17.
1106 2134 1132 2165 οἳ
1151 2134 1275 2174 ὑπῆρξαν
1290 2136 1340 2168 τῆς
1354 2131 1514 2172 ἐλευθερίας
1530 2134 1633 2174 ἁπάσῃ

960 2179 998 2219 τῇ
1020 2177 1147 2208 Ἑλλάδι.
1169 2183 1309 2207 auctores
1325 2181 1356 2206 et
1371 2176 1526 2216 principes
1541 2176 1636 2206 liber-

960 2221 1043 2257 tatis,
1059 2221 1168 2259 quibus
1192 2230 1229 2249 ea
1245 2220 1374 2248 debetur
1392 2222 1427 2248 ut
1447 2217 1553 2257 primis
1574 2219 1634 2248 im·

960 2264 1138 2302 pulsoribus
1168 2267 1259 2301 atque
1286 2261 1497 2291 effectoribus.
1522 2263 1577 2295 71,
1601 2262 1632 2291 6.

960 2307 1082 2346 ὑπάρχει
1099 2305 1205 2340 αὐτοῖς,
1221 2305 1273 2334 das
1289 2303 1380 2333 haben
1393 2304 1433 2332 sie
1447 2304 1542 2333 davon
1559 2301 1634 2343 [this

961 2348 1029 2387 they
1043 2354 1092 2388 get
1108 2349 1144 2387 by
1159 2347 1212 2388 ιἰ],
1229 2347 1285 2376 hoc
1299 2356 1353 2375 eos
1363 2345 1460 2376 veluti
1476 2346 1631 2384 praemiuru

960 2395 1074 2425 manet,
1097 2390 1176 2428 λόγον
1189 2388 1306 2429 αἰσχρὸν
1321 2388 1404 2429 ἔχειν.
1418 2390 1471 2423 85,
1487 2388 1520 2418 5.
1541 2423 1543 2425 ¹

918 2433 1080 2470 ὑπεισίιγειν
1095 2433 1133 2465 εἷς
1145 2434 1193 2462 τὴν
1208 2431 1293 2461 οἰκίαν
1308 2430 1431 2469 ἑταίρας.
1446 2432 1521 2469 118,
1536 2433 1565 2459 1.

919 2475 1135 2515 ὑωεραυξίινειν]
1160 2473 1368 2514 φυλάττεσθαι
1390 2474 1445 2513 χρη
1470 2473 1525 2501 τῶν
1549 2478 1633 2502 πολι-

961 2521 1017 2548 τῶν
1030 2519 1094 2552 τοὺς
1107 2515 1360 2555 ὺωεραυξομένους.
1374 2518 1447 2550 125,
1458 2516 1488 2544 3.

918 2559 1124 2601 ὑπερβάλλειν]
1157 2560 1229 2598 plus
1256 2558 1351 2588 liceri.
1381 2557 1547 2586 uberbieten
1586 2556 1632 2596 [co

961 2602 1090 2642 outbicl]⁸
1107 2603 1160 2636 66,
1176 2604 1206 2631 2.
1223 2604 1254 2629 et
1270 2610 1338 2638 pen.
1361 2601 1494 2630 τελευτὴν
1508 2599 1558 2629 τοῦ
1574 2597 1632 2628 Clau

962 2645 1195 2684 ὑπερβάλλουσαν
1218 2639 1371 2672 ποιεῖσθαι.
1400 2640 1538 2671 invenire
1561 2641 1632 2671 vitae

962 2688 1048 2717 finem
1068 2686 1229 2716 mirificum
1249 2689 1280 2714 et
1303 2694 1389 2723 paene
1412 2687 1633 2722 portentosum.

964 2733 1037 2766 1⁴25,
1056 2733 1083 2759 1.

919 2772 1072 2812 ὑπερβολὴν
1085 2770 1226 2801 τοσαύτην
1241 2767 1408 2808 ἐπιθυμίας
1426 2766 1549 2810 ἔχουσιν.
1570 2772 1632 2798 tam

963 2816 1113 2848 ardenter,
1132 2819 1192 2843 tarn
1212 2812 1384 2842 immaniter
1403 2810 1542 2849 cupiunt.
1557 2812 1633 2847 105,

965 2860 1016 2888 12.
1038 2854 1192 2896 ὑπερζολὲις
1219 2854 1398 2887 τηλικαύτας
1427 2853 1551 2883 ποιεῖται
1575 2855 1631 2884 τῶν

961 2899 1194 2940 ἁμαρτημάτων.
1212 2899 1284 2932 123,
1301 2899 1332 2927 8.

920 2942 1060 2984 ὑπερορία]
1086 2941 1185 2971 solnm
1205 2940 1407 2979 quodcunque
1425 2935 1629 2976 peregrinum,

963 2994 1151 3026 quaecunque
1160 2982 1238 3016 ditio
1249 2987 1296 3015 ost
1307 2986 1395 3014 extra
1410 2980 1485 3012 flues
1498 2979 1630 3012 Atticos.
