1816 3272
311 252 495 293 ΠΕΡΙ
547 251 730 293 ΤΩΝ
780 247 1310 292 ΜΤΣΤΗΡΙΩΝ.

1429 241 1534 289 233

670 384 961 423 ONOMATA.

181 464 306 498 Τούσδε
322 466 461 509 Τεῦκρος
476 465 630 507 ἐμήνυσε,
647 463 805 506 Φαῖδρον,
820 463 1040 506 Γνιφωνίδην,
1056 462 1244 504 Ἰσόνομον,
1261 458 1540 503 Ηφαιστόδωρον,

232 511 477 555 Κηφισόδωρον,
488 513 620 549 ἑαυτὸν,
630 509 1246 554 Διόγνητον,Σμιιευρίδην,Φιλοκράτ
1251 521 1305 548 ην,
1318 508 1540 549 Ἂντιφῶντα,

231 560 411 602 Τι’σαρχον,
427 557 640 592 Παντακλέα.

377 626 389 647 x
439 628 463 649 e·
498 627 509 647 t

92 628 327 701 μεμνησθε
348 626 408 691 δε,
430 626 686 697 ὠάνὸρες,“’
666 653 733 680 οτι
760 651 838 714 κοξι
865 625 1046 679 ruffi*
1024 634 1128 696 υμῖν
1154 621 1543 695 1’το-ροσκομολογη-

24 720 78 755 20
98 728 175 756 ται
195 703 408 756 οίποιντα.
451 703 614 796 Τριτη
616 702 794 774 μήνυσις
810 701 1000 768 estve-ro.
1018 700 1043 762 ’ἦ
1064 724 1170 766 Γγυνη
1160 695 1542 768 Αλκμοειονιδου,

96 801 298 846 γενομενη
335 774 376 828 δε
417 801 494 829 και
536 777 844 846 Δάμωνος,-
880 774 1132 861 Α’γοιριστη
1170 798 1305 844 ονομοι
1332 772 1542 842 αὕτῃ--,

95 876 209 915 αῦτη
229 849 424 923 Εμῆνυσὲν
442 876 481 904 SV
498 877 553 922 Τῇ
575 849 692 921 Οἷκιᾳ
713 876 768 906 Tn
747 848 1033 942 NXoeeJLMJOU
1040 874 1094 904 771
1117 872 1244 916 παρα

1234 848 1246 865 ⁸
1271 846 1356 899 2τι)
1383 846 1546 915 OMJJL-

97 951 195 980 πιον
219 925 451 1017 μυστήρια
481 950 618 979 ποιειν
642 925 926 987 Αλκιὲιοὶἕην
955 948 1034 1011 refu
1060 921 1270 989 Ἀξίοχον
1298 946 1376 973 κοιι
1403 917 1546 971 Ἀδεί-

97 1019 281 1071 μαντον·
313 1003 392 1054 καὶ
432 999 610 1068 εφευγον
638 999 752 1053 οῧτοι
779 998 945 1059 πάντες
982 1022 1056 1052 επι
1096 1021 1240 1067 ταυτῃ
1267 998 1324 1067 τῇ
1348 993 1544 1065 μηνύσει.

90 1075 197 1129 ''E-rt
223 1074 399 1147 μήνυσις
417 1076 587 1143 {ysne-m
611 1100 719 1146 μιοο.

798 1072 982 1134 Λυδὸς
961 1099 981 1126 ο
1009 1071 1265 1164 Φερεκλεους
1287 1074 1360 1123 τοῦ
1387 1081 1549 1139 Θημα-

101 1174 206 1210 κεως
239 1150 415 1220 ἔμύνυσε
449 1149 700 1240 μυστήρια
705 1146 976 1217 «γίνεσθαιμ
961 1173 999 1200 εν
1038 1150 1097 1218 τῇ
1135 1146 1254 1198 οικῖοι
1291 1145 1552 1236 Φερεκλέους

30 1244 83 1279 25
103 1248 178 1277 του
157 1221 412 1277 ”Sao-miron
440 1248 515 1277 του
543 1224 716 1286 ἑαυτου,
743 1225 782 1276 ἔν
796 1223 1033 1315 Θημακῷ·
1065 1221 1143 1274 καὶ
1169 1220 1426 1310 οἷπογροοφει
1454 1242 1552 1277 τους
1569 1243 1595 1276 9

102 1322 153 1351 τε
172 1297 358 1360 αλλους,
384 1322 463 1350 και
487 1322 561 1350 τον
587 1322 768 1389 voc-reem
787 1294 838 1362 ἕφ

101 1371 254 1426 θεύὸειν
279 1370 357 1426 ‹Ye’
341 1371 746 1444 εγκεκοιλυμμὲνον.

509 1473 518 1492 ¹
533 1473 789 1513 προσομολογεῖται

145 1539 420 1581 Πςοσομολογεῖται]
446 1539 530 1569 Num
552 1538 815 1579 ωροσοιμολὸγηται

104 1582 136 1612 in
152 1583 299 1622 perfecto.
321 1584 424 1613 lnam.
466 1582 728 1623 Προσωμολᾶγηται
744 1593 816 1612 000-

104 1625 203 1656 firmat
214 1627 315 1665 Marg.
329 1626 400 1657 Aid.
422 1626 589 1656 SLU11ER.

147 1667 183 1698 ‘H
193 1669 272 1710 γυνὴ]
287 1669 385 1699 Post&
398 1670 461 1707 γυνὴ
471 1668 594 1698 videtur
607 1669 620 1698 ἦ
633 1668 815 1703 νυνὶ-(100550,

107 1722 198 1747 uxor,
209 1722 278 1751 quae
293 1722 373 1741 nunc
390 1716 438 1741 est
450 1710 678 1741 Aicmaeonidae.
698 1712 815 1741 Rmsx.

150 1753 280 1794 Γενομένη
297 1754 324 1785 δὲ
339 1754 404 1794 καὶ]
421 1755 503 1784 Num
519 1753 646 1794 γενομένη
664 1752 692 1784 δὲ
707 1754 753 1784 ἤδη
766 1765 816 1784 πο-

107 1796 142 1829 τὲ
158 1797 207 1826 καὶ
224 1797 380 1838 Δάμωνος.>
403 1798 508 1828 on-:31-

150 1841 231 1881 Παρὰ
249 1839 296 1870 τὸν
309 1839 482 1879 Ὀλύμπιον]
506 1840 542 1870 F.
559 1841 636 1880 παρὰ
658 1838 692 1870 τὸ
705 1837 817 1878 Ὀλυμ·

108 1883 204 1918 πιεῖον,
219 1884 299 1922 apud
312 1884 450 1922 templum
470 1882 589 1913 deorum
605 1883 817 1923 Olympiorum.

109 1926 213 1957 IDEM.
240 1926 314 1955 vid.
328 1927 447 1957 Metus.
460 1927 568 1956 Athen.
580 1926 645 1956 Att.
658 1926 679 1955 1.
689 1926 712 1956 i.
726 1937 754 1955 c.
768 1928 818 1954 10.

153 1966 326 2010 Θημακέως]
343 1969 396 1999 Vir
410 1969 517 1999 doctus
532 1969 563 1999 in
579 1967 719 2008 Margine
732 1968 820 1998 Aldi-

112 2022 158 2042 nae
175 2012 328 2042 Editionis
343 2011 477 2042 notavit:
501 2023 544 2052 γρ.
559 2011 638 2041 male
652 2011 820 2051 μαὲήκεως,

113 2059 144 2085 et
159 2054 269 2085 citatur
280 2056 312 2085 h.
323 2055 344 2086 l.
360 2055 397 2086 ab
412 2056 595 2094 Harpocrat.
610 2065 642 2085 v.
658 2053 822 2095 Θημακεύς.

111 2099 277 2129 διυιτειι.

156 2141 349 2174 Σπεύσιππος
369 2138 396 2171 δὲ
418 2139 551 2170 ξουλεύων
566 2137 750 2181 παξαδίδωσιν
772 2139 823 2169 αὗ-

113 2184 178 2217 ἰ-οὺς
193 2183 235 2222 τῷ
250 2183 432 2224 δικαστηρίῳ]
449 2185 493 2213 Ut
502 2184 541 2212 de
554 2184 610 2213 hoc
625 2183 705 2218 loco,
719 2183 748 2212 in
763 2191 823 2221 quo

114 2236 204 2256 nemo
218 2225 328 2256 vitium
343 2231 392 2256 est
407 2227 594 2265 suspicatu5‚
617 2230 700 2255 recte
725 2225 824 2264 possi·

117 2279 186 2299 mus
217 2268 368 2307 judicare,
397 2269 526 2308 primum
556 2268 615 2297 erit
644 2268 823 2303 videndum,

117 2312 191 2351 quid
207 2311 247 2341 sit
258 2310 432 2352 παραδιδόναι
448 2311 490 2351 τῷ
503 2310 670 2351 δικαστηξίῳ
683 2321 690 2340 :
714 2310 824 2340 deinde

119 2364 247 2394 quorum
261 2354 339 2384 iilud
355 2354 457 2384 suerit.
502 2355 561 2384 Est
582 2360 682 2383 autem
699 2354 764 2383 haec
780 2353 825 2382 lo-

119 2397 205 2433 cutio
221 2397 375 2436 aiiquanto
387 2397 501 2427 rarior:
524 2396 708 2434 frequentior
721 2401 751 2425 et
762 2396 825 2426 vul-

121 2451 161 2480 go
177 2439 305 2470 usitata:
329 2440 450 2478 εἷσάγειν
465 2440 503 2473 εἷς
517 2438 550 2469 τὸ
565 2438 746 2479 δικαστήξιον,
768 2449 827 2478 qna

121 2482 290 2523 saepissime
305 2487 430 2513 utuntur
440 2482 586 2513 Oratores
598 2493 605 2511 ε
628 2486 676 2512 est
685 2487 783 2511 tamen
797 2486 827 2511 et

122 2526 197 2556 inh.
208 2527 295 2556 Orat.
307 2535 337 2565 p.
351 2528 380 2557 9.
392 2536 421 2555 v.
432 2527 482 2556 96.
491 2525 540 2554 ed.
550 2524 656 2564 Stepb
671 2524 828 2555 Διοκλείδην

123 2568 167 2608 τῷ
180 2568 344 2609 δικαστηρίω
359 2568 552 2608 παραδόντες’
537 2567 733 2598 ammaim-rs.
759 2568 828 2597 Poi-

124 2602 215 2641 luxi.
225 2611 319 2641 VIII.
334 2622 360 2641 5.
374 2613 427 2642 48.
443 2611 455 2641 ὅ
472 2610 500 2641 δὲ
516 2611 610 2652 ἄρχων
624 2609 768 2650 παξεδίδου
780 2620 829 2640 την

123 2651 210 2694 κρίσιν
220 2650 401 2694 δικαστηρίῳ.
418 2659 449 2684 et
458 2651 540 2693 quod
549 2653 623 2683 ibid.
627 2663 650 2682 s.
654 2654 706 2684 51.
718 2659 763 2682 est
771 2663 828 2683 πα-

125 2695 308 2737 ςαδιδόναιτῳ
291 2695 494 2749 δικαπηςίω,
504 2696 642 2726 Suidaev.
654 2693 831 2734 Εἶσαγγελία

127 2745 174 2770 est
189 2739 310 2777 εἰσάγειν
321 2739 358 2773 εἷς
372 2738 405 2768 τό
419 2739 599 2780 δικαστήριον.
621 2739 708 2768 Conf.
726 2739 752 2768 Ι.
769 2739 830 2768 Lu-

126 2782 205 2812 zacii
221 2781 385 2820 Disquisit.
401 2782 441 2812 de
461 2781 612 2820 Epistatis
631 2786 662 2812 et
682 2780 829 2813 Proedris

128 2826 240 2856 Athen.
254 2825 284 2854 in
300 2823 414 2854 Annot.
429 2825 467 2854 ad
483 2826 536 2855 Or.
553 2824 592 2854 de
614 2825 740 2854 Socrate
755 2824 831 2855 Cive

129 2878 162 2907 p.
179 2871 252 2898 111.
295 2867 415 2906 Nempe
431 2867 643 2898 Archontum
634 2878 674 2903 ι5,
691 2867 729 2897 ad
744 2877 834 2907 quem

130 2910 258 2950 primum
273 2919 343 2939 reus
363 2910 394 2940 in
413 2910 465 2949 jus
481 2914 617 2945 vocatus,
633 2918 663 2940 et
678 2920 695 2940 a
710 2919 770 2950 qno
787 2908 834 2938 in-

131 2956 300 2983 strumenta
326 2952 390 2982 litis
419 2957 505 2982 erant
529 2952 713 2989 examinata,
736 2953 762 2982 si
784 2955 837 2981 aut

123 2996 213 3034 justa
227 2999 278 3025 aut
290 3005 348 3024 non
360 2995 490 3025 absurda
503 2999 607 3034 petere
620 3000 753 3026 actorem
767 3004 837 3024 cen·

131 3041 226 3075 seret,
237 3038 375 3078 adeoque
390 3038 430 3068 de
445 3047 536 3068 causa
547 3038 586 3069 ad
599 3037 728 3069 tribunal
746 3038 838 3068 reser-

842 1323 866 1360 η
891 1321 966 1349 7·ον
993 1295 1092 1367 Εμθν
1117 1318 1326 1387 Ἧαρὲίναί
1345 1318 1441 1364 μέν,
1469 1317 1554 1345 noc-

828 1371 1138 1430 Σπεύσιππος
1157 1367 1198 1421 δὲ
1225 1365 1443 1430 βουλεύων
1462 1391 1556 1421 ποο-

1077 1471 1090 1492 2
1105 1467 1151 1500 τᾶν

849 1542 907 1574 ret,
923 1538 961 1567 ad
977 1537 1060 1577 quod
1076 1548 1112 1567 ea
1132 1537 1311 1576 pertineret,
1324 1534 1447 1565 traditis
1468 1531 1560 1563 simul

849 1581 914 1611 litis
930 1580 1153 1617 instrumentis,
1166 1579 1323 1609 dicebatur
1338 1578 1386 1607 vel
1402 1578 1497 1612 litem,
1509 1575 1560 1604 vel

849 1625 950 1665 ipsum
972 1623 1136 1660 hominem,
1159 1623 1190 1653 in
1214 1623 1313 1652 forum
1332 1620 1497 1650 inducere:
1521 1618 1560 1647 de

851 1678 910 1707 qna
923 1677 957 1697 re
972 1666 1084 1706 piura‘
1076 1677 1107 1696 10
1130 1665 1268 1706 Lysiacis
1289 1664 1440 1693 dicemus.
1483 1663 1561 1692 Erat

851 1715 950 1740 autem
959 1710 1018 1740 hoc
1031 1709 1162 1740 officium
1174 1719 1233 1738 non
1245 1707 1385 1737 omnibus
1394 1705 1562 1744 Magistra·

851 1754 934 1783 tibus
944 1763 1113 1788 commune,
1124 1752 1177 1782 sed
1189 1754 1276 1781 erant
1285 1755 1401 1780 tantum
1414 1746 1562 1781 nonnulii,

853 1797 904 1836 qui
923 1796 1070 1826 baberent
1085 1806 1106 1825 ει
1099 1795 1242 1833 ἶσαγωγην
1261 1795 1298 1823 de
1320 1794 1413 1822 certis
1439 1790 1559 1820 causis:

853 1845 887 1869 ut
908 1839 1034 1869 Archon
1056 1848 1225 1878 eponymus
1244 1837 1283 1866 de
1305 1847 1338 1865 re
1361 1833 1504 1874 pupillari
1530 1835 1562 1861 et

855 1882 984 1919 uxoria;
1005 1882 1076 1912 Rex
1100 1890 1251 1911 sacrorum
1273 1879 1311 1908 de
1331 1879 1416 1908 caede
1437 1884 1467 1906 et
1490 1876 1562 1906 reli·

853 1925 1014 1964 gionibus3
1036 1923 1256 1954 Polemarchus
1272 1923 1310 1951 de
1326 1920 1478 1961 μετοίκοις,
1493 1929 1564 1959 per·

855 1968 982 2007 egrinis,
1008 1972 1040 1997 et
1071 1966 1188 1997 servis:
1224 1965 1276 1995 alii
1308 1965 1476 1994 Archontes
1507 1972 1564 1991 seu

854 2011 1078 2041 Thesmothetae
1093 2010 1132 2040 de
1148 2009 1217 2039 aliis
1229 2013 1260 2038 et
1272 2007 1401 2047 privatis
1412 2005 1519 2035 litibus
1533 2008 1564 2033 et

856 2054 1045 2084 criminibus.
1088 2054 1247 2091 Nusquam
1265 2061 1337 2081 vero
1357 2059 1454 2088 neque
1471 2049 1565 2078 Sena-

856 2102 939 2127 tores
963 2108 1003 2126 ex
1026 2096 1224 2135 Quingentis,
1246 2103 1345 2132 neque
1370 2092 1499 2124 Judices
1524 2100 1566 2119 ex

857 2140 990 2175 Heliaea,
999 2150 1114 2190 nneque
1144 2138 1236 2168 etiam
1263 2135 1458 2175 Areopagitae
1485 2133 1566 2162 inter

857 2182 1025 2221 εἰσαγωγεῖς
1046 2186 1266 2212 memorantur:
1291 2178 1433 2218 quoniam
1454 2185 1565 2214 nempe

858 2225 941 2254 uuila
961 2234 1054 2255 cansa
1074 2228 1150 2259 erat,
1165 2233 1233 2262 quae
1255 2233 1314 2252 non
1330 2230 1430 2250 coram
1447 2229 1506 2250 uno
1523 2228 1564 2247 ex

860 2268 957 2298 tribus
984 2267 1069 2297 hisce
1099 2265 1250 2301 conciliis,
1277 2274 1331 2294 seu
1356 2263 1437 2293 illius
1465 2261 1568 2300 aliqua

859 2314 947 2350 parte
963 2310 1116 2349 delegata,
1131 2314 1282 2348 ageretur.
1326 2308 1432 2342 Porro,
1448 2304 1474 2335 si
1496 2315 1566 2343 spe-

859 2358 987 2388 ctemus,
1003 2363 1062 2392 qua
1083 2352 1202 2382 actione
1223 2351 1255 2380 in
1275 2349 1424 2390 judicium
1440 2351 1567 2378 vocatus

861 2397 901 2426 sit
917 2396 1107 2431 Andocides,
1127 2400 1158 2425 ct
1173 2396 1260 2433 eujus
1277 2394 1315 2424 de
1330 2391 1482 2432 ejusmodi
1496 2400 1568 2420 cau-

861 2438 905 2468 sis
929 2438 1021 2468 fuerit
1042 2437 1228 2477 jurisdictiO,
1253 2435 1424 2476 apparebit,
1440 2433 1515 2473 quid
1535 2432 1567 2462 in

859 2482 962 2512 locum
986 2480 1128 2511 vocabuli
1154 2478 1287 2510 ἔουλεύων
1317 2479 1359 2508 sit
1384 2476 1570 2507 substituen-

861 2525 943 2554 dum.
976 2523 1049 2554 Fuit
1064 2524 1143 2554 enim
1154 2523 1310 2553 accusatio
1325 2522 1378 2552 illa
1393 2521 1431 2550 de
1447 2517 1569 2549 violatis

861 2568 896 2597 M
898 2567 1032 2606 ysterns
1047 2566 1200 2597 accusatio
1216 2564 1365 2600 ἀσεέείαςι
1388 2573 1455 2602 quae
1467 2561 1503 2591 ad
1516 2559 1570 2590 tri-

862 2610 952 2640 bunal
970 2609 1066 2650 Regis
1086 2619 1239 2640 sacrorum
1261 2607 1447 2648 pertinebat,
1468 2603 1518 2633 cui
1539 2607 1571 2632 et

863 2663 935 2683 cura
947 2663 1104 2684 sacrorum
1120 2651 1349 2682 Eleusiniorum
1366 2653 1430 2678 erat
1449 2645 1572 2676 manda·

863 2700 904 2726 ta.
928 2696 998 2726 Vid.
1013 2695 1155 2736 Lysiasp
1159 2697 1249 2726 .103.
1261 2705 1290 2726 v.
1302 2695 1353 2724 29.
1363 2701 1447 2729 seqq.
1456 2699 1487 2728 p.
1498 2689 1572 2718 104.

865 2749 894 2768 v.
912 2741 963 2770 13.
987 2739 1212 2769 Demosthenes
1232 2737 1303 2767 adv.
1320 2733 1433 2765 Lacrit.
1451 2742 1482 2771 p.
1498 2733 1574 2762 940.

867 2791 896 2812 v.
907 2784 958 2812 12.
969 2782 1018 2811 ed.
1028 2782 1070 2812 R.
1092 2782 1171 2810 ἀλλὰ
1183 2781 1209 2810 νῆ
1223 2778 1279 2811 Δία
1291 2779 1369 2816 orae&
1381 2787 1422 2805 τοι
1409 2773 1573 2809 ”6αο·ιλε”ι”;

866 2824 953 2865 (eum
965 2823 1176 2854 accusabimus
1185 2823 1211 2859 ἓ)
1224 2820 1293 2851 ἀλλ’
1305 2820 1350 2850 οἰκ
1365 2817 1454 2858 ἐσμὲν
1463 2827 1575 2856 γυμνα-

867 2866 992 2908 σίαρχοι,
1019 2866 1077 2897 οὐδὲ
1104 2863 1203 2898 ἄσεβέ
1181 2876 1237 2898 ιιας
1261 2861 1317 2893 οὗδὲ
1320 2873 1351 2890 να
1375 2859 1573 2900 γξαφὸμεὲατ

869 2909 1018 2940 Polluxl.
1032 2910 1123 2939 VIII.
1137 2919 1161 2937 s.
1174 2909 1225 2938 90.
1249 2906 1261 2935 ὅ
1277 2905 1304 2935 δὲ
1316 2903 1448 2937 ἔασιλευς
1459 2913 1577 2942 μυστη-

869 2950 928 2992 ξίων
941 2950 1094 3001 προέστηκε
1105 2968 1147 2973 ——
1156 2948 1227 2979 δίκαι
1241 2948 1269 2978 δὲ
1285 2959 1350 2988 προς
1360 2958 1444 2976 αυτον
1457 2945 1578 2986 λαγχα-

870 3006 966 3030 νονται,
977 2992 1109 3028 ἀσεβείας
1119 2997 1187 3022 caet.
1210 2991 1297 3022 Cous.
1310 2987 1535 3040 Harpocration
1548 2991 1579 3017 et

871 3037 984 3068 Suidas
998 3047 1026 3068 v.
1038 3035 1233 3077 Ἐπιμελητηι·
1247 3035 1302 3064 τῶν
1315 3029 1486 3074 μυστηρίων,
1500 3034 1531 3061 et
1548 3041 1578 3061 v.

875 3083 894 3111 ‘3
912 3090 933 3109 n
