1818 3189
241 173 284 213 xl
599 167 960 211 RUHNKENII
996 166 1146 208 HlST.
1181 165 1338 207 CRIT.

241 283 406 321 affectus
425 284 519 334 ipse,
541 295 628 320 cum
657 282 800 319 Graeca
826 281 1104 330 epigrammata
1132 286 1213 327 tua,
1233 292 1320 318 cum
1346 279 1495 316 iambos
1521 279 1695 329 proxime

240 345 419 394 legerem.
476 345 675 387 Quantum
697 342 751 379 ibi
771 342 1033 388 humanitatis,
1055 341 1288 379 venustatis!
1316 353 1430 391 quam
1451 340 1583 378 dulcia
1607 340 1694 377 illa!

239 418 355 456 quam
378 404 560 453 antiqua!
592 416 706 453 quam
729 407 888 453 arguta!
920 416 1036 454 quam
1057 404 1187 441 recta!
1231 402 1511 440 Callimachum
1539 413 1614 446 me,
1635 401 1696 439 vel

240 466 450 511 Herodem,
467 465 526 502 vel
545 465 575 502 si
595 465 688 515 quid
705 464 764 502 his
782 465 932 510 melius,
948 471 1080 502 tenere
1097 463 1344 502 credebam.'’
1399 464 1563 500 Tzetzes
1582 462 1695 500 etiam

239 529 456 577 Prolegom.
476 527 513 564 in
537 527 833 578 Lycophronem
854 527 951 564 alios
972 527 1117 576 potius,
1141 539 1257 577 quam
1277 525 1564 569 Aristarchum,
1584 535 1695 562 secu-

240 596 315 634 tus,
338 588 376 625 in
409 588 546 626 iambis
581 588 748 639 palmam
781 587 907 625 defert
941 588 1118 633 Anauiae,
1153 587 1405 633 Archilocho,
1441 585 1694 636 Hipponacti.

238 650 388 687 Eodem
417 649 535 699 igitur
562 649 677 687 modo
704 649 875 699 Gorgias
903 649 1020 686 noluit
1053 649 1167 687 alieni
1191 649 1334 699 judicii
1364 649 1594 687 necessitate
1624 648 1695 685 ad-

237 710 386 761 stringi,
402 711 467 748 sed
490 711 654 748 liberum
677 710 749 748 sibi
770 710 934 760 putavit,
953 724 1018 748 eos
1033 711 1190 748 laudare
1207 711 1408 755 Oratores,
1425 723 1522 760 quos
1543 715 1695 747 suomet

237 773 318 822 ipse
335 785 447 810 sensu
469 772 686 822 probasset.
742 774 802 810 Ac
824 771 970 816 nescio,
992 785 1039 809 an
1060 772 1329 822 praesentiens,
1349 771 1443 822 quid
1466 777 1696 808 eventurum

237 839 350 879 esset,
371 834 580 871 Oratorum
601 833 716 883 vulgo
745 833 1010 883 neglectorum
1035 833 1185 870 ratione
1213 833 1393 870 habenda
1419 845 1558 870 cavere
1584 831 1694 869 volu-

236 895 323 940 erit,
340 907 387 932 ne
413 895 452 932 in
473 894 711 932 ‘oblivionem
736 894 931 931 hominum
953 894 1144 940 venirent,
1164 900 1203 932 ct
1223 894 1378 931 tandem
1401 893 1554 944 penitus
1576 894 1694 931 inter-

139 1028 217 1064 175

235 955 350 993 irent.

291 1018 438 1056 LVIII.
470 1017 727 1057 PYTHEAS.¹
759 1017 847 1055 Hoc
867 1016 916 1055 de
942 1024 1095 1055 oratore
1124 1016 1260 1055 Suidas
1288 1016 1361 1054 ita:

236 1123 309 1153 636.
332 1121 456 1150 Nomen
470 1120 536 1158 ejus
550 1118 626 1148 abiit
639 1119 667 1148 in
684 1118 786 1148 notius
804 1118 948 1148 Herodoti

235 1163 318 1201 apud
335 1163 515 1202 Etymolog.
537 1162 584 1190 M.
608 1173 636 1201 p.
658 1163 732 1190 411.
758 1165 811 1192 41.
835 1161 948 1200 Ζήτξκν

235 1205 281 1235 ὶιιὶ
296 1207 346 1235 τοῦ
362 1209 376 1234 t
389 1202 624 1243 συνεσταλμένον.
641 1203 688 1233 καὶ
705 1206 786 1243 arag&
801 1203 946 1243 Ἠξοδὸτῳ·

231 1248 300 1286 Ἀγ’
314 1247 396 1277 αὐτὸν
419 1248 456 1282 εἷς
476 1248 510 1277 τὸ
534 1247 650 1287 (virgam.
665 1246 730 1276 ἔστι
755 1247 783 1277 δὲ
807 1254 947 1287 χωλιαμ-

235 1290 312 1325 Βικόν
325 1290 358 1320 τὸ
373 1289 487 1330 μὲτξον.
531 1290 569 1320 In
583 1291 729 1320 mendoso
742 1289 874 1330 Ἦςοδὸτῳ
887 1291 947 1319 11ae-

235 1335 324 1364 rebat
351 1333 399 1364 Cl.
426 1333 654 1372 Wesselingius
678 1333 763 1362 Diss.
791 1333 948 1362 Herodot-

235 1387 267 1416 Ρ.
284 1379 335 1407 29.
381 1376 469 1406 Idem
488 1375 667 1414 Etymologi
681 1376 769 1406 locus
785 1375 946 1405 induxisse

238 1420 359 1449 videtur
381 1420 567 1458 Scaligerum
592 1420 629 1448 ad
653 1419 780 1448 Varron.
801 1419 840 1447 de
861 1417 888 1447 I.
909 1418 945 1448 L.

235 1462 294 1491 VI.
325 1472 357 1501 p.
389 1465 463 1493 149.
492 1466 527 1490 ut
555 1460 728 1491 Iamborum
763 1460 945 1499 scriptorem

237 1504 421 1534 Herodotum
445 1509 582 1534 vocaret·
627 1504 793 1533 Athenaeus
824 1503 888 1533 ΙΙΙ.
914 1515 946 1543 p.

238 1549 290 1577 86.
314 1546 351 1576 Β.
369 1547 472 1576 laudat
488 1546 620 1586 Ἠρώνδειν
641 1544 667 1575 ἓν
683 1553 746 1576 Συνε
748 1544 945 1586 ξγαζομεναις.

236 1589 289 1619 ubi
306 1589 349 1619 Is.
363 1591 564 1619 Casaubonus
581 1593 672 1627 negat
688 1600 720 1618 se
736 1589 807 1618 alibi
827 1590 945 1619 Heron-

237 1633 306 1662 dam
321 1632 503 1662 comicum·
496 1632 645 1661 invenire.
678 1632 794 1660 Verum
811 1642 869 1661 non
885 1633 945 1662 Co-

237 1675 336 1705 micus
354 1676 504 1710 laudatur,
520 1676 587 1709 sed,
603 1678 636 1703 ut
653 1685 692 1704 ex
710 1675 850 1712 subjecto
863 1674 945 1704 Cho-

236 1718 348 1748 liambo
368 1724 506 1757 apparet,
521 1717 697 1747 Iamborum
719 1717 863 1755 scriptor,
879 1717 945 1747 He-

237 1761 343 1799 rodes,
359 1761 410 1800 qui
427 1760 637 1800 patronymica
661 1764 692 1788 et
715 1760 851 1789 Doribus
873 1770 945 1798 pro-

238 1803 304 1844 pria
326 1805 423 1833 forma
444 1803 580 1843 Ἠςώνδας
604 1802 737 1840 dicitur;
761 1803 841 1841 quod
869 1804 944 1833 bene

237 1846 317 1876 vidit
339 1846 505 1876 Salmasius
530 1846 638 1875 Exere.
669 1845 800 1874 Plinian.
823 1856 853 1884 p.
871 1849 945 1876 111.

237 1888 327 1919 Illam
340 1889 495 1918 nominum
509 1889 634 1918 sormam
647 1887 837 1917 illustrarunt
848 1889 943 1918 Hem-

239 1932 412 1962 sterbusius
428 1933 465 1962 ad
484 1931 662 1961 Callimach.
680 1931 804 1969 Fragm.
821 1941 852 1970 p.
869 1933 943 1962 590.

1398 1014 1569 1060 Πυθέας,
1588 1013 1698 1061 Ἀθη-

983 1119 1095 1154 sacere,
1120 1129 1182 1157 quo
1209 1118 1310 1147 minus
1337 1117 1489 1156 vulgatam
1521 1116 1694 1151 defendam,

981 1163 1071 1200 cujus
1094 1162 1158 1190 liaec
1176 1166 1222 1190 est
1244 1159 1411 1190 sententia:
1437 1159 1608 1198 discipulos
1625 1159 1693 1189 Iso-

982 1205 1086 1240 cratis,
1101 1205 1225 1234 umbras
1251 1204 1298 1233 vel
1321 1204 1406 1232 ideas
1429 1208 1652 1242 praeceptorum
1676 1213 1694 1232 a

981 1248 1126 1286 magistro
1153 1247 1183 1276 in
1216 1246 1330 1276 scholis
1366 1245 1540 1286 propositas
1569 1244 1692 1285 [nostro

981 1289 1128 1329 loquendi
1148 1300 1231 1319 more
1248 1288 1462 1328 systematicas
1480 1293 1512 1317 et
1532 1288 1692 1327 metaphy-

982 1332 1061 1362 sicas
1087 1332 1155 1362 illas
1182 1333 1351 1361 abstractas
1378 1332 1417 1361 de
1449 1335 1513 1361 arte
1538 1331 1693 1361 rhetorica

978 1374 1236 1415 praeceptiones-L
1268 1376 1304 1404 ad
1338 1375 1511 1409 veritatem,
1541 1374 1572 1404 11.
1598 1384 1626 1404 e.
1651 1375 1690 1404 ad

981 1419 1102 1457 praxin,
1133 1418 1338 1454 transtulisse,
1367 1423 1399 1447 et
1424 1417 1455 1447 in
1483 1421 1554 1446 actu
1575 1427 1690 1453 rerum,

981 1461 1064 1501 (haeo
1079 1461 1159 1491 enim
1176 1466 1224 1490 est
1239 1460 1373 1501 veritas)
1390 1460 1457 1490 sive
1473 1459 1504 1489 in
1517 1459 1690 1489 forensibus

980 1505 1082 1533 causis
1098 1503 1239 1542 agendis,
1262 1504 1329 1533 sive
1346 1504 1375 1533 in
1397 1502 1572 1532 scribendis
1592 1502 1690 1532 histo-

979 1547 1046 1581 riis,
1068 1547 1203 1576 imitatos
1220 1556 1301 1581 esse,
1320 1546 1351 1575 h.
1369 1557 1397 1577 e.
1414 1544 1619 1584 expressisse,
1633 1556 1691 1575 ex·
1742 1568 1745 1570 -

981 1589 1119 1619 ercuisse
1135 1595 1166 1619 et
1181 1589 1219 1618 ad
1233 1599 1317 1618 usum
1329 1598 1470 1618 vocasse.
1493 1587 1529 1617 In
1541 1587 1690 1618 Demadis

980 1631 1048 1662 loco
1074 1642 1105 1671 p.
1134 1634 1206 1663 153.
1235 1632 1426 1662 emendando
1452 1640 1561 1661 manus
1584 1631 1624 1661 V.
1652 1632 1690 1661 G.

980 1675 1127 1704 festinans
1165 1676 1202 1704 ab
1240 1676 1306 1712 ejus
1344 1674 1494 1704 sententia
1524 1674 1688 1704 aberravit.

980 1717 1053 1747 Non
1075 1717 1154 1746 enim
1175 1716 1404 1756 πξοβεβληκότος
1419 1717 1521 1755 ipsum
1544 1716 1618 1746 dare
1635 1727 1688 1746 vo-

980 1760 1085 1796 luisse,
1107 1761 1160 1789 sed
1184 1757 1427 1800 πςοέεξλημὲνῡυ,
1449 1763 1539 1789 extra
1561 1759 1690 1789 dubium

980 1807 1038 1832 est.
1090 1803 1206 1832 Verum
1229 1807 1328 1832 tamen
1352 1803 1465 1832 certior
1490 1807 1521 1832 et
1543 1803 1687 1832 conveni·

978 1845 1077 1875 entior
1094 1846 1158 1875 liaec
1175 1845 1300 1875 videtur
1315 1844 1496 1875 emendandi
1512 1845 1589 1874 ratio
1605 1855 1685 1882 esse,

979 1887 1005 1917 si
1020 1888 1140 1926 legatur
1155 1886 1393 1939 προέεβλησεται.
1438 1888 1621 1917 Referemus
1638 1893 1685 1917 to·-

979 1935 1041 1959 tum
1058 1931 1171 1962 locum.
1211 1929 1248 1960 Τι’
1261 1933 1315 1970 γὰρ
1330 1942 1442 1972 σχημα
1458 1929 1531 1970 ἕξει5
1554 1930 1686 1971 Ecquam

238 1979 270 2004 et
294 1975 532 2004 Valckenaerius
557 1975 592 2003 ad
621 1973 723 2002 Schol.
747 1974 777 2002 in
802 1973 944 2013 Euripid.
967 1971 1114 2012 formam,
1132 1984 1211 2013 quem
1230 1973 1361 2003 habitum
1378 1972 1470 2013 ‘refert
1485 1975 1548 2012 ejus
1565 1973 1685 2004 statua?

238 2018 393 2047 Pboeniss.
419 2028 452 2056 p,
481 2018 556 2047 764.
616 2016 756 2054 Denique
786 2016 942 2046 Herodem

237 2061 492 2099 Iambograpbum
515 2070 583 2089 cum
600 2060 726 2089 Herode
748 2059 852 2088 Attico
875 2070 942 2098 gra-

236 2103 367 2133 vissimo
397 2113 499 2132 errore
532 2102 722 2132 confundunt
754 2101 943 2141 Interpretes

237 2145 343 2181 Plinii,
359 2151 389 2176 et
407 2144 564 2175 Fabricius
587 2144 671 2174 Bibl.
691 2146 746 2174 Gr.
763 2144 833 2174 Vol.
849 2146 943 2175 VIII.

237 2199 269 2228 p.
284 2191 362 2219 710.

282 2230 290 2248 ¹
323 2232 371 2261 Cl.
403 2231 604 2261 Ruhnkenius
645 2229 760 2269 passim
802 2230 941 2260 locorum

236 2272 327 2313 hujus
342 2273 440 2303 libelli
454 2273 586 2303 lectores
599 2273 637 2302 ad
651 2273 858 2302 annotationes
871 2283 942 2303 suas

237 2316 275 2345 ad
293 2316 444 2348 Rutilium
466 2315 586 2355 Lupum
608 2315 740 2354 ablegat.
786 2316 869 2352 Quas
891 2326 942 2346 an-

236 2359 411 2390 notationes
429 2369 496 2388 cum
512 2359 611 2388 minus
627 2359 774 2388 credibile
792 2359 832 2388 sit
846 2359 941 2388 omni-

237 2402 306 2437 bus,
326 2403 381 2432 hos
401 2407 537 2431 oratores
556 2406 676 2430 nostros
695 2401 880 2435 tractaturis,
903 2402 939 2431 ad

236 2454 342 2474 manus
365 2454 444 2480 esse,
465 2444 566 2474 visum
583 2443 641 2473 fnit
662 2444 743 2479 ideo,
767 2444 851 2473 locos
870 2444 940 2474 illos

235 2487 322 2517 illinc
333 2492 499 2526 excerptos
514 2487 573 2516 huc
589 2488 764 2522 transferre,
777 2497 847 2525 quc,
859 2488 940 2526 quod

237 2531 274 2560 ab
295 2540 332 2560 eo
349 2531 387 2560 ad
404 2530 562 2559 historiam
586 2534 739 2559 oratorum
762 2530 938 2559 Graecorum

236 2573 379 2603 collatum
396 2578 489 2608 essct,
509 2574 575 2611 ejus
597 2582 634 2601 ne
657 2573 729 2611 quid
752 2572 800 2602 bic
817 2572 939 2602 deside-

235 2621 365 2646 raretur.
408 2614 489 2645 Ante
506 2625 580 2644 vero
597 2625 685 2654 quam
703 2616 773 2645 illos
790 2615 885 2651 locos,
903 2616 941 2646 de

237 2658 940 2697 Pythea‚Stratocle,Democharete,Cliarisio,

237 2700 360 2731 Isidoro
390 2701 590 2740 pergament),
619 2700 759 2739 Hegesia
784 2701 938 2739 Magnete,

237 2744 448 2778 Cleocliarete,
496 2743 657 2784 Hyperide
706 2748 737 2772 et
785 2743 939 2773 Dinarcbo

237 2792 372 2825 agentes,
395 2788 671 2824 referamus,juvut
693 2786 779 2825 prius
803 2786 841 2815 de
863 2787 940 2815 duo-

237 2830 293 2858 bus
319 2830 407 2864 locis,
429 2830 524 2859 altero
539 2827 644 2863 Tullii,
665 2829 761 2858 altero
785 2829 940 2864 Demadis,

237 2872 343 2909 paucis
361 2872 528 2911 disputare.
573 2871 666 2901 Tullii
682 2871 845 2901 dictionem
865 2873 939 2901 veri-

238 2915 307 2942 meis
326 2915 476 2944 imitandae
491 2919 639 2944 mutatum
660 2914 683 2944 it
700 2915 737 2944 V.
757 2914 794 2943 C.
810 2924 842 2953 p.
865 2917 939 2945 142.

237 2967 304 2986 cum
322 2958 450 2986 veritatis
464 2957 602 2987 tutanda:
621 2959 648 2987 in
665 2968 725 2996 quo
743 2967 798 2987 non
815 2966 938 2996 possum

978 2027 1027 2046 την
1053 2014 1164 2045 ἀσπίδα,
1189 2014 1441 2055 πξοβεζλῆσεται;
1472 2026 1546 2045 num
1568 2022 1684 2046 scutum

976 2059 1137 2097 projectum
1153 2065 1220 2089 ante
1241 2068 1267 2088 se
1287 2059 1414 2089 tenebit?
1437 2059 1518 2088 ἀλλὰ
1532 2058 1641 2090 ταύτην
1655 2058 1686 2097 y'

978 2101 1125 2135 ἀπέβαλεν
1147 2101 1173 2132 ἐν
1193 2101 1231 2143 τῇ
1253 2102 1341 2143 μάχῃ
1363 2101 1400 2143 τῇ
1423 2101 1486 2140 mg?
1507 2102 1556 2131 τὴν
1577 2103 1684 2141 Χαιςώ-

977 2154 1056 2175 νειαν.
1072 2146 1154 2185 atqui
1178 2150 1293 2175 scutum
1310 2150 1386 2174 certe
1404 2145 1510 2183 abjecit
1527 2146 1558 2174 in
1578 2155 1684 2184 pugna

976 2188 1017 2217 ad
1038 2188 1233 2218 Chaeroneam.
1250 2186 1320 2218 ἀλλ’
1333 2187 1513 2227 ἀκςοστόλιον
1527 2189 1590 2222 νεὼς
1605 2184 1660 2228 ἕξει
1672 2198 1682 2226 ;

976 2236 1008 2260 at
1031 2235 1127 2261 rostra
1151 2237 1227 2261 certe
1252 2231 1335 2260 nanis
1358 2230 1486 2261 tenebit?
1517 2231 1618 2267 ποίας-ς
1650 2238 1682 2262 ac

975 2274 1081 2312 cujus?
1104 2273 1184 2308 ἢτῗῖς
1203 2274 1254 2303 τοῦ
1276 2272 1399 2313 πατρός;
1423 2284 1494 2303 num
1513 2273 1590 2311 ejus,
1609 2284 1682 2313 qnae,

973 2322 1058 2354 patre
1081 2318 1174 2356 ipsius
1197 2327 1259 2346 eam
1285 2326 1353 2346 cum
1380 2316 1500 2355 imperio
1524 2316 1685 2346 trierarchi

975 2365 1103 2398 regente,
1120 2365 1205 2397 capta
1214 2358 1286 2399 fnit
1306 2359 1341 2388 ab
1364 2358 1510 2388 hostibus?
1534 2359 1614 2388 ἀλλὰ
1636 2358 1682 2391 Βι-

975 2399 1067 2441 GMe-13
1098 2407 1129 2432 nt
1157 2402 1283 2432 codicem
1315 2408 1389 2431 certe
1419 2405 1517 2430 tamen
1550 2401 1681 2431 tenebit?

977 2445 1074 2475 Recte
1090 2445 1144 2475 ais.
1177 2445 1321 2474 Codicem
1337 2443 1453 2473 tenebit
1468 2444 1584 2482 utique.
1618 2444 1681 2474 Sed

975 2487 1086 2525 quem?
1111 2487 1137 2517 ἐν
1154 2483 1176 2526 ᾧ
1192 2489 1292 2526 φάο-εις
1307 2486 1352 2515 καὶ
1369 2485 1548 2524 εἰσ-αγγελίαι
1570 2485 1680 2518 ἔσονται

973 2529 1186 2570 γεγραμμέναι.
1197 2540 1263 2559 eum
1279 2538 1388 2567 nempe,
1402 2530 1431 2558 in
1449 2540 1503 2569 quo
1516 2531 1681 2569 perscriptae

973 2580 1059 2603 erunt
1079 2574 1142 2612 ejus
1159 2572 1317 2602 delationes
1338 2578 1364 2601 et
1381 2572 1528 2607 indicinae,
1548 2573 1680 2611 quadru-

974 2616 1104 2654 platore,
1128 2625 1216 2654 quam
1250 2615 1315 2644 viro
1344 2616 1485 2650 honesto,
1512 2615 1681 2653 digniores.

973 2659 1054 2688 ἀλλὰ
1074 2658 1102 2689 νὺ
1124 2658 1180 2689 Δία
1206 2657 1349 2687 στήσεται
1375 2656 1598 2698 προσευχόμενος
1620 2659 1680 2693 τοῖς

974 2700 1065 2739 θεοῖς
1091 2701 1129 2730 At
1152 2699 1280 2741 profecto
1301 2706 1409 2735 tamen,
1435 2701 1476 2729 ita
1495 2711 1539 2730 me
1559 2699 1680 2738 Jupiter

974 2750 1060 2778 umet,
1081 2742 1187 2784 referet
1208 2745 1269 2782 ejus
1291 2748 1391 2772 statua
1412 2742 1543 2772 habitum
1560 2742 1680 2773 sublatis

974 2787 1012 2815 ad
1039 2787 1142 2816 caelum
1170 2786 1302 2815 munibus
1328 2786 1392 2815 deus
1417 2785 1546 2815 orantis?
1583 2785 1679 2816 Illene

974 2829 1049 2858 deos
1072 2833 1139 2858 oret
1160 2838 1214 2868 pro
1237 2828 1335 2858 salute
1354 2829 1478 2867 pairiae?
1501 2827 1626 2862 κακόνους
1645 2828 1680 2858 ὢν

973 2870 1012 2912 τῇ
1027 2871 1120 2906 πόλει,
1136 2872 1186 2911 qui
1205 2876 1286 2900 tanto
1301 2871 1376 2906 odio,
1393 2877 1478 2901 tanta
1495 2871 1680 2912 malignitate

973 2923 1044 2953 erga
1065 2923 1155 2952 remp.
1178 2914 1303 2943 ardeat?
1325 2914 1372 2942 καὶ
1396 2916 1438 2944 τὰ,
1461 2912 1570 2943 ἐναντία.
1591 2915 1681 2943 πᾶσιν

974 2958 1041 2996 ἡμῖν
1055 2956 1214 2998 εὐχόμενος,
1230 2963 1257 2987 ct
1274 2967 1335 2996 quae
1352 2962 1486 2987 nostrum
1501 2957 1605 2996 cuique
1623 2957 1680 2986 ini-
