1878 3272
428 199 778 242 ORATORUM
813 199 1201 241 GRAECORUM.
1412 197 1544 239 xxxix

86 316 294 363 duxerunt,
315 322 355 355 et
373 317 563 355 Rhetores
583 322 732 353 tantum
754 329 802 353 ex
822 316 990 365 receptis
1009 316 1146 353 decem
1167 313 1418 358 Oratoribus,
1437 312 1546 349 velut

85 379 172 417 unis
193 379 290 417 veris
310 387 350 418 et
371 379 564 430 legitimiS‚
588 386 708 416 artem
732 391 838 416 suam
866 378 1119 416 illustrarunt.
1178 377 1269 414 Plus
1295 376 1403 421 boni,
1424 388 1471 412 an
1493 375 1546 411 in-

86 441 283 478 commodi
309 455 357 478 ex
383 441 440 478 his
468 441 706 478 Criticorum
736 440 904 478 decretis
935 439 1156 489 profectum
1185 438 1246 483 sit,
1273 438 1311 475 in
1339 443 1544 485 utramque

84 508 234 553 partem
257 502 444 551 disputari
468 508 607 551 potest.
670 502 776 540 Utile
796 509 893 548 erat,
917 502 1058 539 multos
1078 501 1197 538 libros
1220 500 1395 550 vulgares
1419 498 1543 535 homi-

83 575 174 600 num
195 563 371 600 manibus
391 563 538 614 excuti,
562 569 600 601 et
626 562 911 613 perfectissima
934 575 1100 612 quaeque
1123 561 1301 610 exempla
1322 560 1369 598 ad
1391 560 1544 597 imitan-

83 624 174 662 dum
201 624 381 674 proponi.
438 625 602 669 Verum,
635 624 730 675 quid
763 624 1093 675 perfectissimum
1124 623 1185 668 sit,
1209 623 1404 672 judicare,
1428 634 1543 672 quam

84 698 226 735 anceps
244 693 302 722 est
317 691 355 723 et
370 685 545 724 difficile!
572 686 714 724 Nonne
730 687 919 737 suspicari
934 686 1038 731 licet,
1050 686 1145 722 alios
1162 698 1207 722 ex
1226 685 1298 721 hoc
1312 684 1544 733 scriptorum

83 747 205 785 choro
225 746 467 785 fastidiosius
487 749 663 786 exclusos
683 762 781 795 esse,
805 748 903 786 alios
932 747 1042 785 nimis
1064 746 1311 794 indulgenter
1332 751 1512 793 receptos
1528 745 1545 782 ’ἰ

83 808 178 852 Cur,
198 815 242 846 ut
261 809 336 846 hoc
364 816 462 854 utar,
485 809 700 856 Dinarcho,
721 823 836 860 quem
861 809 935 860 ipsi
959 815 1104 846 veteres
1131 805 1380 845 hordeaceum
1406 805 1545 843 Demo-

82 871 251 908 sthenem
270 878 427 917 vocant,
445 871 544 909 inter
559 871 694 909 decem
712 873 899 910 Oratores
917 871 1071 909 Atticos
1093 869 1203 907 locus
1223 868 1336 906 datus
1358 873 1428 912 est,
1445 880 1546 917 prae-

50 982 53 983 ⁷
83 932 205 970 teritis
225 933 450 970 Callistrato
479 939 518 971 et
540 934 816 980 Leodamante,
838 946 1002 984 quorum
1031 930 1293 981 eloquentiam
1321 929 1436 966 iidem
1466 929 1547 965 lau-

85 993 201 1032 dibus
235 994 272 1031 in
300 995 439 1032 coelum
472 994 634 1033 ferunt?
681 996 916 1045 Quanquam
946 994 1073 1041 video,
1102 986 1410 1030 Grammaticum
1442 990 1545 1027 Bibl.

84 1055 207 1093 Coisl.
229 1056 255 1093 l.
274 1070 310 1093 c.
332 1069 468 1093 novem
490 1062 639 1093 tantum
668 1057 858 1094 Oratores
884 1056 1051 1102 Atticos,
1080 1054 1222 1092 omisso
1250 1052 1466 1098 Dinarcho,
1490 1064 1547 1088 re-

85 1130 255 1155 censere.
286 1117 362 1155 Sed
381 1118 430 1154 sit
449 1131 547 1154 unus
566 1125 604 1155 et
621 1118 730 1163 alter,
749 1131 863 1168 quem
884 1117 1037 1155 admitti
1056 1116 1278 1166 oportebat,
1297 1113 1543 1164 repudiatus:

83 1183 215 1215 teneat
231 1179 388 1228 primam,
409 1178 472 1215 cui
494 1179 679 1216 secundae
701 1178 922 1217 tribuendae
942 1183 1066 1215 erant.
1101 1176 1285 1214 Levehoc
1310 1174 1449 1211 malum
1464 1186 1544 1223 prae

82 1240 217 1286 altero,
235 1239 341 1289 quod
364 1240 454 1277 inde
472 1248 728 1278 consecutum
748 1247 821 1286 est,
836 1239 957 1277 videri
974 1239 1106 1276 debet.
1166 1237 1319 1274 Etenim
1336 1236 1546 1285 scriptores

82 1302 154 1347 illi,
182 1315 279 1351 quos
304 1301 439 1340 Critici
467 1315 626 1340 numero
655 1303 906 1348 exemissent,
933 1301 1098 1352 primum
1127 1299 1217 1349 legi,
1242 1298 1339 1335 etin
1367 1296 1546 1334 manibus

83 1365 238 1410 versari,
267 1377 355 1402 mox
385 1363 556 1402 describi
584 1365 797 1409 desierunt,
828 1370 867 1401 et
896 1363 1066 1409 tandem,
1087 1367 1130 1398 ut
1157 1360 1240 1398 sieri
1267 1372 1423 1397 necesse
1451 1365 1546 1403 erat,

82 1426 198 1477 plane
218 1425 513 1463 interciderunt.
571 1426 672 1470 Quae
695 1425 880 1469 diximus,
903 1424 1096 1474 exemplo,
1122 1435 1198 1471 quo
1220 1416 1364 1459 nullum
1388 1420 1548 1470 reperiri

83 1494 216 1538 potest
231 1487 387 1532 clarius,
407 1487 658 1525 illustremus.
689 1487 832 1525 Narrat
856 1485 1016 1524 Photius
1033 1485 1134 1523 Cod.
1151 1484 1350 1522 CCLXII.
1368 1497 1406 1533 p.
1431 1486 1546 1520 1461.

84 1549 249 1587 Paulum
267 1550 425 1600 Mysum
440 1549 578 1587 multas
597 1549 953 1599 pulcherrimasque
969 1547 1094 1598 Lysiae
1109 1546 1317 1592 orationes,
1335 1545 1438 1582 velut
1455 1558 1548 1595 spu-

84 1611 173 1656 rias,
196 1610 412 1649 damnasse.
471 1611 533 1648 Ad
555 1610 669 1659 cujus
692 1611 826 1650 Critici
855 1609 1130 1648 auctoritatem
1158 1621 1247 1646 cum
1269 1621 1308 1644 se
1336 1606 1458 1653 multi,
1482 1606 1548 1654 qui

85 1673 172 1724 ipsi,
196 1673 290 1722 quid
312 1685 445 1710 verum
469 1680 586 1718 esset,
611 1672 794 1722 judicare
814 1686 891 1710 non
914 1678 1088 1723 possent,
1112 1678 1254 1709 temere
1277 1669 1546 1714 contulissent,

86 1727 282 1772 orationes
299 1734 383 1771 illas
403 1734 514 1771 obelo
536 1740 689 1771 notatas
711 1732 871 1772 desiisse
892 1733 1075 1777 describi,
1092 1739 1208 1783 atque
1231 1732 1297 1777 ita,
1319 1744 1458 1781 magno
1475 1731 1550 1768 elo-

87 1796 257 1846 quentiae
277 1794 525 1841 detrimento‚
546 1795 719 1845 periisse.
769 1796 1034 1833 Veruntamen
1050 1807 1126 1831 non
1147 1794 1369 1839 defuerunt,
1388 1793 1453 1843 qui
1470 1792 1548 1830 suis

89 1856 264 1894 sensibus
285 1855 427 1906 potius,
450 1870 565 1906 quam
587 1857 753 1895 decretis
776 1857 1026 1903 Criticorum,
1047 1857 1207 1894 credere
1238 1856 1407 1901 mallent,
1428 1862 1547 1905 atque

86 1918 186 1956 adeo
213 1931 316 1968 saepe
348 1917 448 1955 inter
476 1918 661 1956 classicos
690 1920 900 1969 scriptores
929 1918 1132 1964 referrent,
1159 1932 1258 1969 quos
1284 1919 1333 1956 ab
1354 1918 1426 1955 illis
1447 1931 1548 1968 prae·
1566 1920 1645 1956 172

87 1980 237 2025 teritos,
258 1980 317 2017 vel
337 1980 504 2029 rejectos
525 1981 680 2019 scirent.
728 1981 843 2019 Tales
863 1981 1014 2031 patroni
1035 1981 1100 2018 uni
1123 1993 1170 2018 ex
1190 1980 1436 2025 Oratoribus,
1460 1980 1548 2017 Ari-

87 2041 271 2092 stogitoni
292 2041 477 2092 obtigisse
498 2042 691 2080 videntur.
758 2043 857 2080 Nam
882 2042 1171 2087 Quinctilianus
1193 2042 1287 2081 XII.
1312 2046 1375 2080 10.
1397 2055 1434 2091 p.
1455 2046 1547 2080 624.

84 2104 152 2142 ubi
170 2097 366 2155 principes
385 2104 470 2142 illos
490 2105 679 2142 Oratores
700 2106 884 2152 nominat,
905 2105 1020 2154 hujus
1042 2104 1155 2142 etiam
1176 2105 1414 2142 mentionem
1438 2106 1550 2142 inter-

84 2165 210 2216 ponit,
229 2172 267 2204 et
284 2167 548 2216 Hermogenes
564 2167 612 2205 de
635 2168 760 2205 Form.
780 2175 878 2204 orat.
897 2167 930 2204 Ι.
952 2180 991 2216 p.
1013 2170 1106 2205 296.
1129 2166 1349 2216 asperitatis
1369 2166 1546 2216 exempla

84 2228 134 2265 ab
149 2226 217 2264 illo
237 2228 405 2277 petenda
426 2228 538 2266 dicit.
574 2228 714 2278 Itaque
736 2228 820 2278 ejus
842 2228 1036 2265 orationes
1058 2228 1215 2274 diutius,
1238 2241 1351 2278 quam
1366 2229 1545 2274 aliorum,

84 2288 377 2339 superfuerunt,
399 2288 546 2339 quippe
566 2289 736 2327 laudatae
759 2289 809 2327 ab
831 2289 1144 2339 Harpocratione
1166 2303 1201 2328 v.
1220 2290 1489 2337 Αὐτοκλείδης,
1507 2298 1548 2329 et

85 2364 120 2390 v.
141 2351 395 2402 Θέρσανδρος.
452 2352 577 2401 Supra
597 2365 617 2389 e
635 2352 904 2396 Quinctiliano
922 2352 1152 2397 monuimus,
1166 2352 1546 2402 Aristarchijudicio

85 2418 163 2450 tres
186 2419 363 2462 receptos
383 2425 466 2450 esse
487 2412 699 2450 iamborum
728 2413 955 2462 scriptores,
976 2413 1013 2450 in
1038 2413 1094 2449 his
1115 2413 1408 2452 Archilochum.
1466 2414 1546 2458 Qui

86 2473 161 2510 sint
187 2472 250 2509 alii
277 2473 369 2518 (luo,
389 2473 543 2511 dubitat
571 2474 771 2511 Gesnerus
794 2475 840 2512 V.
865 2474 911 2512 C.
937 2473 987 2511 ad
1016 2473 1209 2517 Quinctil.
1238 2487 1285 2511 an
1314 2474 1430 2512 hodie
1456 2475 1547 2512 sciri

87 2534 222 2583 possit.
280 2533 407 2570 Nobis
433 2534 527 2571 satis
556 2541 704 2572 certum
733 2535 900 2580 videtur,
930 2535 1169 2572 Simonidem
1191 2542 1232 2573 et
1259 2536 1546 2586 Hipponactem

85 2594 220 2641 fuisse,
244 2609 341 2645 quos
369 2609 457 2633 cum
478 2595 721 2634 Archilocho
749 2597 993 2647 conjungunt
1024 2597 1216 2635 Luc-ianus
1244 2598 1480 2648 Pseudolog.
1508 2611 1547 2648 p.

88 2659 179 2693 163.
215 2657 377 2693 Proclus
401 2657 690 2696 Chrestomath.
720 2671 761 2708 p.
792 2661 883 2696 342.
913 2665 952 2695 et
988 2658 1278 2697 Grammaticus
1307 2659 1407 2696 Bibl.
1430 2659 1548 2697 Coisl.

88 2729 128 2766 p.
150 2720 240 2756 597.
279 2717 355 2754 Sed
376 2721 494 2757 ecce!
526 2718 687 2764 Plinius,
709 2721 889 2770 neglecto
907 2719 1124 2757 Aristarchi
1139 2719 1309 2768 judicio,
1331 2720 1550 2769 iambogra-

88 2777 254 2828 phorum
284 2778 499 2829 principem
531 2780 644 2829 ponit
669 2779 900 2825 Herodem,¹
923 2779 990 2816 1V.
1017 2780 1092 2830 Ep.
1120 2785 1159 2818 3.
1199 2785 1225 2801 “
1247 2781 1307 2818 Ita
1333 2787 1438 2818 certe
1465 2793 1546 2818 sum
1567 2784 1646 2821 173

133 2862 152 2880 ⁹
177 2861 371 2901 Interpretes
386 2863 480 2892 multa
495 2863 533 2893 ad
550 2863 630 2893 hunc
647 2864 737 2895 Plinii
755 2865 802 2894 lo-
838 2865 1006 2904 fragmenta
1022 2870 1187 2903 supersunt.
1210 2865 1290 2902 apud
1306 2865 1474 2895 Zenobium
1490 2866 1549 2896 VI.

87 2914 157 2934 cum
176 2904 360 2944 moliuntur,
373 2906 505 2945 satisque
523 2907 698 2944 ostendunt,
715 2918 748 2937 se
764 2908 803 2937 de
840 2912 891 2937 10.
959 2909 1116 2937 Stobaeum
1154 2908 1185 2936 S.
1225 2907 1356 2938 LXXI.
1398 2919 1429 2948 p.
1472 2911 1547 2940 4:39.

89 2947 217 2976 Herode
241 2947 467 2986 Iambographo
495 2959 530 2978 ne
558 2949 649 2979 fando
679 2951 801 2989 quidem
837 2950 1001 2980 LXXVI.
1041 2961 1071 2989 p.
1111 2951 1185 2980 455.
1229 2950 1349 2980 XCVI.
1396 2962 1427 2991 p.
1472 2954 1535 2982 :7:30

86 2989 250 3029 quicquam
272 2990 442 3020 audivisse.
466 2991 514 3020 Ex
531 2993 597 3030 ejus
613 2993 801 3023 Choliambis
836 2992 994 3023 CXVIII.
1013 3003 1041 3032 p.
1061 2995 1134 3023 591.
1158 2998 1187 3022 et
1213 2992 1383 3023 Maximum
1400 2995 1437 3024 T.
1454 2994 1497 3024 II.
1517 3005 1547 3033 p.
