1816 3272
484 594 528 647 I.
575 594 743 651 OTT.
786 595 1162 650 SLUITERI

799 740 844 758 An

139 824 825 894 ORATIONEM·
874 828 1498 896 ANDOCIDIS

279 959 372 1042 DE
405 993 588 1042 PACE
628 994 783 1042 CUM
822 994 1374 1044 LACEDAEMONIIS

642 1135 1006 1179 PRAEFATIO.

92 1383 198 1425 NON
219 1395 436 1432 germanam
453 1381 671 1421 Andocidis
685 1396 767 1421 esse
783 1383 883 1420 hanc
901 1382 1143 1428 Orationem,
1161 1389 1302 1432 praeter
1320 1381 1551 1433 Dionysium

92 1444 446 1489 Halicarnasseum,
469 1446 642 1482 Auctore
671 1444 904 1495 Argumenti
930 1449 1047 1489 teste,
1072 1443 1302 1493 judicarunt
1331 1444 1446 1483 etiam
1474 1443 1552 1489 alii,

90 1512 158 1544 aut
176 1506 313 1544 saltem
332 1505 574 1551 dubitarunt,
590 1518 640 1543 an
655 1519 745 1543 vere
765 1511 869 1543 esset
887 1505 939 1551 ab
954 1504 1160 1545 Andocide
1180 1505 1420 1556 conscripta:
1450 1505 1552 1542 Har-

90 1568 314 1618 pocration,
334 1567 401 1618 qui
423 1575 481 1605 ter
500 1580 583 1606 eam
604 1567 755 1610 laudat,
768 1580 926 1618 ,semper
941 1567 1050 1605 addit
1065 1569 1098 1604 εἰ
1118 1568 1294 1615 γνήσιος;
1324 1567 1415 1605 Tib.
1433 1566 1552 1604 Hem-

90 1629 302 1677 sterhusius
316 1630 366 1667 ad
387 1629 661 1680 Aristophanis
685 1630 843 1667 Plutum
865 1641 905 1679 p.
925 1633 1018 1672 474.
1077 1634 1104 1651 “
1128 1628 1353 1667 Andocides
1377 1627 1551 1679 (inquit),

89 1705 157 1729 seu
177 1705 289 1730 verus
316 1692 379 1738 sit,
400 1693 480 1730 sive
507 1690 602 1730 ficto
623 1692 778 1737 nomine
799 1691 1041 1742 suppositus,
1062 1691 1100 1736 in
1123 1691 1233 1728 initio
1253 1692 1337 1742 περὶ
1363 1697 1428 1736 τῆς
1457 1690 1549 1741 πρὸς
1598 1715 1609 1727 ,

88 1753 408 1806 Λακεδαιμονίους
426 1756 587 1806 εἰρήνης,
644 1754 847 1804 Additque
868 1754 972 1792 illum
988 1761 1027 1792 et
1046 1754 1269 1796 AEscbinem
1288 1766 1410 1804 prope
1430 1752 1548 1800 finem

90 1815 288 1853 Orationis
306 1815 351 1853 de
369 1815 465 1853 male
485 1815 591 1853 obita
612 1815 842 1866 Legatfflne,
861 1818 915 1866 (p.
939 1819 1005 1854 51.
1026 1830 1062 1853 v.
1084 1819 1148 1854 13.
1168 1815 1231 1854 ed.
1248 1816 1398 1866 steph.)
1418 1814 1548 1853 verbis

91 1876 286 1926 scripsisse
313 1884 390 1914 tam
419 1877 622 1922 similibus,
645 1884 689 1915 ut
718 1877 814 1914 alter
834 1877 883 1914 ab
909 1878 1032 1915 altero
1051 1877 1169 1915 fuisse
1197 1884 1395 1915 mutuatus
1417 1876 1546 1914 videa-

90 1937 191 1976 tur.‘’
245 1943 256 1959 ‘
275 1938 514 1984 Andocides,
540 1952 606 1976 seu
636 1938 722 1989 quis
753 1939 851 1976 alius
871 1937 1017 1977 Orator
1047 1939 1096 1976 de
1121 1940 1223 1977 Pace
1249 1952 1336 1977 cum
1358 1938 1545 1976 Lacedae-

91 1999 253 2047 moniis,‘
272 2000 381 2038 testis
398 2000 540 2038 citatur
554 2013 575 2038 a
593 2001 826 2038 Marklando
841 2001 890 2038 ad
906 2001 1060 2052 Lysiam
1075 2014 1114 2051 p.
1128 2005 1220 2042 477.
1241 2015 1274 2040 v.
1292 2005 1330 2041 7.
1346 2007 1384 2039 et
1401 2006 1411 2021 ‘
1425 2001 1546 2038 Pseu-

88 2061 407 2099 do-Andocidem
425 2061 503 2100 fere
521 2062 706 2099 verbatim
725 2062 928 2100 AEschinea
945 2063 1246 2113 transcripsisse,
1263 2063 1300 2100 in
1314 2062 1546 2101 Orationem

89 2135 198 2160 suam
217 2139 257 2161 π.
286 2139 317 2161 τ.
341 2139 381 2160 π.
409 2122 512 2160 Aua.
539 2123 724 2173 Εἲρὴνης,’
743 2123 843 2160 idem
865 2124 919 2161 ait
937 2124 986 2161 ad
1008 2125 1034 2161 l.
1061 2124 1087 2161 l.
1109 2124 1325 2162 AEschinis:
1354 2123 1544 2174 Taylorus

89 2197 160 2222 suo
177 2197 281 2222 more
302 2196 379 2221 non
398 2183 556 2222 dubiam
579 2184 652 2221 sibi
672 2183 776 2221 visus
797 2197 998 2222 censuram
1015 2198 1128 2235 agere
1150 2186 1258 2223 Lect.
1278 2185 1369 2236 Lys.
1390 2199 1427 2223 c.
1447 2189 1485 2222 6.
1503 2198 1543 2236 p.

89 2249 181 2284 693.
212 2246 407 2297 Sophistae
424 2245 654 2284 Orationem
674 2259 759 2284 esse
781 2246 928 2292 statuit,
951 2246 1018 2296 qui
1038 2246 1174 2284 iisdem
1195 2260 1264 2296 per
1282 2247 1411 2284 omnia
1431 2259 1544 2297 paene

88 2308 217 2346 verbis
236 2309 365 2346 locum
391 2307 657 2355 emendicarit,
677 2322 725 2346 ex
742 2307 818 2345 fine
838 2308 1040 2346 Orationis
1060 2308 1279 2346 AEschineae
1300 2309 1345 2348 de
1363 2308 1545 2346 ementita

89 2369 298 2420 legatione,
315 2369 536 2420 descriptis,
563 2369 619 2407 uti
639 2369 697 2414 fit,
719 2382 922 2420 perperam
948 2383 1036 2420 quae
1058 2370 1174 2419 hujus
1199 2376 1318 2408 erant.
1374 2370 1544 2408 Valcke-

89 2431 221 2468 naerio
251 2437 389 2468 contra
420 2437 603 2469 accurate
634 2431 737 2469 lecta
766 2431 985 2469 Andocidis
1011 2445 1094 2470 esse
1124 2432 1356 2471 videbatur:
1392 2432 1542 2470 “idem

88 2492 248 2543 (inquit)
272 2493 481 2542 ingenium,
502 2492 602 2530 idem
623 2493 753 2531 elucet
773 2493 965 2531 scribendi
985 2493 1131 2532 color.''
1185 2494 1310 2532 Etiam
1331 2494 1541 2532 wesselin-

90 2553 176 2603 gius
201 2554 251 2592 ad
279 2553 398 2592 Diod.
429 2553 508 2591 Sic.
537 2553 562 2591 l.
585 2554 680 2591 XII.
707 2567 741 2593 c.
777 2559 815 2593 8.
842 2562 880 2592 et
910 2554 1161 2593 Ruhnkenius
1188 2555 1226 2592 in
1262 2556 1409 2593 Histor.
1441 2555 1541 2592 Crit.

92 2615 205 2653 Orat.
227 2617 299 2654 Gr.
321 2629 360 2666 p.
381 2619 445 2653 52.
467 2616 701 2666 exscriptum
723 2616 772 2653 ab
787 2616 970 2654 AEschine
990 2623 1151 2655 censent
1170 2617 1425 2655 Andocidem.
1481 2615 1542 2653 Sic

91 2676 245 2726 Lysiam
274 2676 313 2713 in
341 2677 411 2714 Or.
434 2676 483 2714 de
514 2677 610 2714 Bon.
642 2676 894 2727 Aristophan.
927 2677 1177 2728 descripsisse
1196 2677 1466 2715 Andocideam
1497 2675 1543 2714 de

92 2737 301 2787 Mysterz'is
331 2737 572 2783 Orationem,
602 2736 686 2788 ipse
724 2738 992 2777 animadvertit
1023 2739 1211 2790 Taylorus
1242 2739 1350 2775 Lect.
1381 2738 1470 2788 Lys.
1500 2750 1542 2787 p.

90 2802 182 2840 678.
226 2800 285 2837 Ita
300 2798 348 2836 de
369 2799 482 2850 Lysia
502 2805 619 2850 atque
640 2800 812 2838 Isocrate
833 2813 938 2851 saepe
954 2802 1002 2839 V.
1025 2802 1075 2838 D.
1095 2800 1292 2844 dubitant,
1315 2806 1398 2837 uter
1413 2806 1542 2837 utrum

91 2860 349 2910 expresserit;
379 2866 418 2898 et
437 2860 627 2898 Isocrates
643 2861 814 2911 quidem,
834 2875 977 2912 negans
997 2875 1037 2899 se
1055 2874 1221 2911 unquam
1237 2860 1381 2898 alienos
1394 2873 1543 2911 pannos

91 2920 338 2966 adsumsisse,
356 2933 432 2958 non
450 2922 572 2960 vereri
591 2936 630 2960 se
650 2922 717 2969 ait,
739 2935 807 2960 sua
826 2923 953 2974 ipsum
973 2922 1080 2960 dicta
1099 2928 1290 2972 repetere,
1306 2927 1330 2944 ‘⁴
1349 2924 1442 2973 ὁρῶν
1460 2920 1543 2965 τοὺς

94 2983 239 3027 ἄλλους
265 2988 343 3027 τοῖς
371 2984 475 3035 ἒμόἶς
498 2984 745 3036 χρωμένους,”
767 2984 816 3022 ad
836 2984 1009 3035 Philipp.
1029 2997 1069 3035 p.
1102 2987 1194 3022 101.
1216 2993 1262 3022 Α.
1295 2984 1404 3023 Nihil
1423 2985 1542 3037 igitur

733 3048 760 3082 2
793 3055 824 3084 R
