1925 3272
444 183 789 227 ORATORUM
825 181 1213 225 GRAECORUM.
1455 183 1558 224 xxxi

154 297 348 337 XXXVI.
378 298 616 336 PYTHEAS.
675 297 735 335 De
752 309 814 341 e0,
832 309 920 346 quae
941 296 992 334 ab
1012 295 1183 346 antiquis
1200 294 1457 345 scriptoribus
1472 307 1560 331 nar-

99 367 246 406 rentur,
262 359 523 410 congessimus
544 358 591 396 ad
615 358 734 395 Rutil.
758 358 790 394 Ι.
814 361 876 394 11.
894 370 934 407 p.
956 361 1021 394 40.
1043 357 1184 407 quibus
1205 355 1448 394 addelocum
1470 355 1560 392 Plu-

98 423 224 461 tarchi
242 422 430 460 Phocion.
449 433 488 471 p.
503 422 654 460 751.A.
675 420 767 470 πρὸς
787 418 823 456 δὲ
838 417 1000 456 Πυθέαν
1016 421 1228 468 ἀρχόμενόν
1243 434 1329 456 ποτε
1344 418 1450 468 [lego
1467 418 1560 454 τότε.

99 483 279 533 REISK.]
299 490 441 532 πρῶτον
460 481 714 532 ἐντυγχάνειν
735 480 954 526 Ἀθηναῖοι,
986 479 1056 525 ἤδη
1076 479 1112 516 δὲ
1132 480 1254 517 λάλον
1276 481 1365 519 ὄντα
1387 480 1448 516 καὶ
1467 476 1560 528 θρα·
1578 476 1658 511 159

99 546 182 591 σὺν,
205 545 264 584 Oi}
284 546 495 590 σιωπήσεις,
516 534 597 595 ἔφη,
617 544 676 580 καὶ
698 547 815 580 ταῦτα
836 543 1014 588 νεώνητος
1035 538 1088 578 ὧν
1107 544 1157 592 τῷ
1176 541 1295 593 ἒὴμῳς
1329 541 1440 592 [Vld.
1462 539 1562 578 infra

97 611 128 655 ξ.
154 607 320 655 LVIII.]

150 667 368 713 XXXVII.
398 668 714 705 STRATOCLES.
773 666 834 704 De
855 679 901 703 eo
922 665 1091 703 diximus
1111 665 1159 702 ad
1182 664 1302 702 Rutil.
1323 665 1353 701 Ι.
1373 670 1412 702 9.
1435 676 1472 715 p.
1494 667 1560 702 32.

96 728 173 766 Hic
203 728 395 774 addimus,
421 728 610 766 Patroclis
635 741 776 766 nomen
797 728 832 765 in
853 727 1244 765 Pseudo-Plutarcho
1275 732 1313 764 et
1342 726 1476 772 Suida,
1497 727 1560 763 cui

96 790 304 828 Stratoclis
326 789 614 835 substituimus,
634 789 880 828 retinendum
904 789 1040 826 videri.
1071 789 1173 826 Nam
1198 788 1418 831 Patrocles,
1440 788 1561 838 Phly-

93 851 210 897 ensis,
232 851 487 902 demagogus,
509 851 683 889 occurrit
714 850 817 900 apud
842 851 1100 889 Demosthen.
1133 850 1182 888 de
1201 850 1292 887 Cor.
1316 853 1347 897 ξ.
1367 850 1415 887 λ’.
1474 849 1562 886 Nec

94 912 253 951 dubium
276 919 349 960 est,
378 913 472 963 quin
503 913 687 951 adversus
720 913 830 950 illum
851 913 1066 950 orationem
1101 912 1302 961 scripserit
1324 910 1561 962 Hyperides.

94 974 195 1013 Vide
220 975 431 1013 Meursium
453 977 538 1012 Att.
561 975 670 1013 Lect.
692 975 725 1012 I.
748 979 813 1012 18.
846 974 955 1025 [Vid.
976 974 1078 1012 infra
1101 978 1131 1020 ξ.
1153 974 1285 1023 LIX.]

148 1035 386 1074 XXXVIII.
423 1035 813 1082 CEPH'ISODORUS,
844 1036 1029 1073 Isocratis
1058 1035 1291 1085 discipuluS,
1326 1034 1427 1072 inter
1460 1035 1561 1072 Ora-

94 1103 197 1134 tores
226 1096 393 1134 refertur
425 1109 446 1134 a
479 1096 671 1147 Dionysio
702 1096 832 1134 Halic.
855 1097 928 1146 Ep.
963 1097 1010 1134 ad
1043 1098 1170 1134 Amm.
1191 1095 1288 1144 §.fic
1310 1108 1425 1146 quem
1447 1096 1561 1134 etiam

93 1161 181 1199 vide
202 1162 240 1199 in
262 1161 365 1199 Isaeo
386 1165 418 1208 ξ.
436 1162 493 1200 ιθ’.
551 1161 708 1199 Nullam
740 1161 826 1210 ejus
854 1160 1071 1199 orationem
1093 1167 1436 1198 commemoratam
1458 1160 1563 1197 inve-

93 1222 232 1261 nimus.
291 1223 366 1261 Sed
387 1229 496 1261 tanto
516 1222 757 1274 frequentius
778 1222 961 1260 landatur
981 1222 1175 1273 Apologia
1207 1223 1393 1260 Isocratis
1427 1222 1562 1260 adver—

93 1296 156 1321 sus
178 1283 443 1331 Aristotelem,
463 1284 512 1322 de
545 1297 621 1334 qua
651 1283 738 1321 vide
773 1283 948 1321 Ionsium
981 1283 1030 1321 de
1063 1284 1254 1335 Scriptor.
1276 1285 1328 1322 H.
1346 1284 1421 1322 Ph.
1445 1284 1475 1321 1.
1499 1288 1563 1322 13.

91 1358 132 1396 p.
153 1351 220 1385 96.
275 1345 344 1383 Ad
377 1345 481 1383 hunc
503 1345 827 1395 Cephisodorum*
850 1345 1048 1382 retulerim
1080 1345 1296 1383 Historiam
1328 1345 1420 1383 belli
1452 1344 1565 1390 sacri,

92 1406 171 1444 sive
195 1407 369 1454 Phocici,
390 1405 505 1456 eujus
537 1406 816 1444 duodecimum
833 1406 990 1444 ⁴librum
1027 1407 1169 1444 laudat'
1191 1408 1420 1457 Anonymus
1448 1406 1566 1444 inter-

92 1481 197 1519 pres,
230 1481 347 1519 quem
377 1468 585 1518 Aspasium
615 1475 724 1517 pum,
749 1467 804 1505 ‘ad
836 1466 1061 1505 Aristotelis
1091 1467 1323 1506 Nicomach.
1346 1468 1421 1507 III.
1443 1482 1481 1519 p.
1498 1473 1565 1506 46.

94 1529 133 1567 b.
190 1530 290 1567 Nam
322 1528 500 1580 plerique
535 1528 720 1567 Isocratis
750 1528 935 1580 discipuli
965 1542 1005 1567 se
1018 1528 1074 1569 ,ad
1097 1529 1297 1568 historiam
1319 1530 1566 1569 scribendam

95 1590 358 1629 contulerunt.

148 1653 348 1691 XXXIX.
379 1652 647 1698 PHILlsc-US,
672 1651 862 1698 Milesius,
891 1652 1074 1690 Isocratis
1095 1652 1327 1702 discipulus.
1350 1651 1447 1690 Suid
1467 1653 1505 1690 in
1527 1665 1565 1691 v.

95 1713 211 1751 Hunc
252 1713 466 1764 Dionysius
502 1714 637 1751 eodem
674 1715 763 1752 loco
796 1714 896 1751 inter
929 1713 1119 1751 Oratores
1157 1720 1350 1752 recenset.
1425 1715 1564 1764 Itaque

94 1775 334 1828 δημηγορίαι,
366 1790 464 1826 quas
484 1777 622 1814 Suidas
642 1776 805 1814 Philisto
827 1777 1032 1827 Syracusio
1055 1776 1206 1822 tribuit,
1231 1777 1323 1815 huic
1345 1777 1563 1815 tribuendae

93 1839 288 1877 videntur.
346 1840 514 1891 Lycurgi
550 1840 667 1877 vitam
707 1839 757 1876 ab
790 1852 836 1876 eo
871 1839 1055 1889 scriptam
1090 1839 1222 1877 laudat
1253 1839 1565 1890 Olympiodorus

91 1901 381 1938 Commentario
416 1901 504 1939 MS.
528 1900 565 1938 in
598 1900 773 1938 Platonis
804 1901 1007 1950 Gorgiam.
1066 1900 1164 1938 Vide
1198 1901 1407 1951 Taylorum
1446 1900 1562 1939 Praef.

90 1962 139 2000 ad
169 1962 334 2013 Lycurgi
369 1962 482 2000 Orat.
540 1962 729 2011 Ejusdem
769 1961 1020 2011 Epigramma
1053 1961 1090 1999 in
1125 1962 1280 2013 Lysiam
1319 1961 1564 2000 conservavit

89 2022 504 2061 Pseudo-Plutarchus
525 2036 564 2074 p.
587 2027 679 2061 836.
717 2022 831 2071 cujus
867 2023 1048 2060 tenebras
1081 2023 1288 2074 dispellere
1319 2024 1448 2062 conati
1470 2031 1562 2062 sunt

90 2084 160 2122 viri
181 2084 505 2134 praestantissimi,
541 2084 618 2122 Ier.
650 2083 908 2121 Marklandns
945 2084 1050 2133 apud
1086 2084 1244 2135 Taylor.
1278 2085 1315 2122 in
1350 2076 1447 2122 Vita'
1470 2086 1560 2136 Lys.

90 2157 129 2194 p.
150 2149 214 2184 59.
245 2152 283 2182 et
320 2145 546 2195 LToupius
581 2144 793 2183 Emendat.
829 2144 867 2182 in
903 2145 1063 2182 Suidam
1096 2146 1141 2182 T.
1163 2145 1217 2184 II.
1239 2159 1279 2196 p.
1302 2150 1394 2183 194.
1453 2147 1561 2184 Inter

90 2206 248 2243 Philisci
282 2206 499 2257 discipulos
530 2206 603 2244 fuit
633 2207 816 2253 Timaeus,
850 2206 1024 2244 historiae
1057 2207 1237 2256 scriptor.
1279 2206 1372 2245 Vid.
1393 2207 1503 2246 Suid.
1525 2222 1560 2246 v.

88 2268 266 2319 Τίμαιος.

142 2330 227 2367 XL.
264 2330 595 2377 THEODECTES,
632 2330 859 2376 Phaselites,
892 2330 1082 2378 Platonis,
1117 2332 1301 2370 Isocratis
1333 2339 1372 2371 et
1402 2332 1554 2371 Aristo-

87 2393 176 2431 telis
209 2393 438 2443 discipulus,
460 2392 549 2430 item
583 2406 605 2430 a
637 2393 827 2445 Dionysio
849 2394 885 2431 in
907 2395 1006 2432 Isaeo
1027 2398 1058 2442 ξ.
1077 2395 1135 2435 ιθ’.
1167 2395 1267 2433 inter
1293 2394 1482 2435 Oratores
1501 2410 1558 2435 re·
1577 2396 1652 2431 160

86 2454 219 2492 fertur.
291 2455 509 2505 Stephanus
541 2455 657 2492 etiam
702 2456 797 2507 Byz.
817 2470 853 2493 v.
880 2456 1044 2503 Φασηλὶς
1075 2457 1110 2494 ei
1150 2457 1287 2496 tribuit
1319 2461 1459 2507 λόγους
1491 2461 1556 2510 ῥη-

86 2516 252 2566 τορικοὺς
283 2516 395 2554 ἐπῶν.
428 2516 492 2553 ubi
537 2517 574 2553 in
613 2523 798 2566 corrupto
832 2517 934 2554 ἐπῶν
964 2519 1185 2555 orationum
1224 2531 1404 2557 numerus
1444 2520 1553 2558 latet.

86 2576 183 2626 Ejus
204 2576 441 2628 Apologiam
471 2576 644 2616 Socratis
664 2577 800 2615 laudat
825 2578 1054 2616 Aristoteles
1075 2579 1192 2617 Rhet.
1212 2579 1263 2617 II.
1287 2593 1326 2630 p.
1347 2585 1440 2620 490.
1461 2586 1554 2620 495.

85 2638 458 2682 aliamorationem,
491 2651 578 2686 quae
614 2639 745 2689 Νόμος
775 2639 962 2690 inscripta
994 2648 1068 2685 est,
1101 2640 1197 2678 ibid.
1230 2654 1269 2691 p.
1286 2645 1377 2679 994.
1437 2642 1552 2691 Quali

87 2711 176 2736 usus
197 2699 245 2736 sit
267 2699 424 2737 dicendi
442 2713 595 2749 genere,
616 2700 731 2737 docet
756 2700 969 2750 Dionysius
993 2701 1028 2738 in
1051 2702 1151 2738 Isaeo
1172 2715 1211 2752 p.
1235 2706 1324 2740 111.
1366 2703 1551 2753 Reliqua,

86 2773 174 2810 quae
192 2759 240 2796 de
261 2760 490 2798 'rheodecte
512 2760 588 2798 dici
611 2767 784 2810 possent,
806 2775 881 2798 non
906 2770 994 2799 sunt
1016 2762 1132 2811 hujus
1151 2764 1240 2801 loci.

138 2820 246 2858 XLI.
274 2820 581 2867 NAucRA'rEs,
603 2823 663 2859 vel
685 2822 1022 2860 NAUSICRATES
1043 2827 1137 2873 (non
1168 2824 1550 2874 NAUCRATITES)‚

86 2883 326 2933 ErytliraeuS‚
360 2883 548 2921 Isocratis
578 2883 809 2934 discipulus.
868 2885 1010 2923 Cicero
1031 2885 1079 2922 de
1101 2886 1214 2923 Orat.
1236 2886 1290 2922 II.
1308 2889 1371 2924 23.
1389 2882 1550 2926 111.‘44.

85 2945 198 2982 Orat.
216 2947 281 2982 51.
327 2944 582 2988 Quinctilian.
606 2945 680 2982 111.
697 2948 734 2982 6.
769 2958 806 2995 p.
826 2949 916 2985 129.
950 2954 987 2984 et
1013 2946 1122 2984 Suid.
1145 2960 1179 2985 v.
1199 2946 1421 2995 Θεοδέκτης,
1453 2956 1491 2987 et
1512 2962 1549 2987 v.
