1818 3189
281 202 366 243 202
761 202 793 242 1.
828 202 953 245 OTT.
987 202 1265 246 SLUITERI

277 311 343 347 41.
363 309 502 347 καὶτὸν
523 311 704 361 στέφανον
722 309 869 358 λαβὼν,
899 311 957 350 ὅτε
985 311 1141 367 ἐπανῄει
1158 314 1251 364 μετὰ
1276 311 1318 350 τὸ
1344 311 1505 357 δεῖπνον,
1535 316 1582 365 τῷ
1610 313 1734 369 Ἑρμῇ
1804 337 1807 341 ·

276 373 326 422 τῷ
346 370 415 421 πρὸ
435 377 506 408 τῶν
526 369 647 422 ἓυρῶν
664 372 795 410 ἑστῶτι
816 371 992 420 ἐπέθηκεν
1011 376 1125 413 αὐτὸν
1141 377 1236 412 κατά
1265 374 1304 412 τὸ
1329 371 1416 418 ’έὲος
1434 381 1507 413 τῶν
1524 373 1733 426 ἔμπροσθεν

276 434 433 483 ἡμερῶν.
463 431 579 470 Conf.
603 433 649 470 L.
669 434 722 471 G.
751 434 951 485 Gyraldus
971 436 997 473 l.
1017 450 1052 474 c.
1074 449 1113 486 p.
1134 439 1242 481 303„
1263 437 1309 474 C.
1332 436 1408 475 Ios.
1441 435 1640 475 Laurentii
1657 436 1735 474 Va-

276 493 334 530 ria
367 494 484 532 Sacra
513 494 727 534 Gentilium
749 509 784 533 e.
805 500 844 534 8.
866 497 903 534 iu
925 498 1039 536 Thes.
1063 498 1254 535 Grouovii
1275 505 1303 536 t.
1324 498 1452 543 vul„
1486 497 1662 549 Interpp.
1683 498 1734 536 ad
1805 523 1818 530 ι

279 554 318 591 (1.
338 554 364 592 l.
386 554 542 599 AEliani,
561 555 630 593 Ez.
651 557 907 608 Spanhetnius
921 557 968 595 ad
991 558 1139 596 Gallim.
1162 559 1212 596 H.
1234 559 1273 597 in
1289 559 1406 598 Dian.
1421 573 1457 596 v.
1476 562 1567 598 142.
1589 572 1629 610 p.
1641 562 1735 599 276.

279 627 375 665 seq.,
397 616 669 655 Hemsterhus.
687 617 736 655 ad
750 618 880 656 Schol.
897 619 1098 670 Aristoph.
1114 619 1153 657 d.
1167 619 1208 665 1.,
1228 626 1266 658 et
1287 620 1336 658 ad
1356 620 1506 658 Polluc.
1527 620 1734 660 Onomast.

279 676 303 714 l.
325 676 438 714 VIII.
460 691 490 715 s.
509 681 577 717 72.

332 741 514 776 Attamen
543 739 640 777 illud
667 741 850 789 janitoris
879 754 1015 780 munus
1042 755 1118 780 non
1138 743 1344 794 proprium
1370 749 1408 781 et
1433 743 1632 794 peculiare
1651 749 1736 782 erat

277 801 488 847 Mercurio,
510 800 576 839 sed
599 815 688 839 cum
708 802 892 853 Apolline
919 809 958 840 et
984 804 1135 842 Hecate
1155 818 1375 843 commune.
1424 804 1602 844 Clemens
1621 806 1734 844 Alex.

277 863 474 913 Protrept.
493 876 532 913 p.
551 867 618 901 44.
650 863 798 914 Ἑρμῆν
816 870 1086 916 προσκυνοῦσιν
1105 870 1154 908 ὡς
1176 865 1264 905 θεὸν
1284 867 1345 903 καὶ
1361 866 1426 904 τὸν
1444 867 1603 915 Ἀγυιέα
1621 869 1734 918 θυρω-

276 927 342 975 ρὸν
362 925 544 968 ἱστάντες.
583 924 698 963 Unde
719 925 923 978 Polynices
942 927 1003 965 ille
1024 927 1259 979 Euripideus
1280 927 1319 967 in
1339 927 1475 967 Phoen.
1496 942 1532 966 v.
1552 931 1644 968 634.

495 1020 572 1058 Καὶ
593 1020 637 1059 σύ
657 1020 767 1069 Φοῖβ’
794 1023 888 1069 ἅναξ
904 1025 1057 1072 Ἀγυιεῦ
1077 1024 1137 1060 καὶ
1155 1021 1332 1074 μέλαθρα
1346 1026 1522 1074 χαίρετεε
1582 1023 1586 1027 ’

276 1109 343 1147 ubi
365 1109 489 1148 Schol.
512 1111 553 1149 ἐν
572 1117 650 1154 τοῖς
667 1115 917 1163 προπυλαίοις
937 1113 998 1150 καὶ
1016 1113 1214 1163 οἰκήμασιν
1236 1110 1420 1162 ἱδρυμένε,
1440 1109 1495 1148 ὅτι
1515 1109 1580 1148 τὸν
1595 1110 1736 1158 Ἀγυιᾶ

275 1172 346 1221 πρὸ
365 1175 493 1211 πυλῶν
511 1172 686 1213 ἵστασαν·
707 1177 793 1211 κίων
813 1173 850 1212 δὲ
868 1172 970 1217 οὗτος
999 1171 1045 1220 ἦν
1064 1177 1118 1217 εἷς
1139 1174 1198 1220 ὀξὺ
1215 1174 1361 1221 λήγων
1395 1170 1596 1222 Aristoph.
1618 1170 1737 1221 Vesp.

278 1246 318 1283 p.
339 1238 432 1273 870.

266 1325 318 1366 3Ὠ
337 1328 481 1367 δεσπότ’
508 1332 603 1377 ἅναξ
628 1336 751 1379 γεῖτον
768 1334 918 1380 Ἀγυιεῦ
939 1337 1001 1369 τοῦ
1019 1334 1100 1382 ’μοῦ
1120 1329 1306 1384 προθύρου
1328 1330 1420 1382 πρὸς
1443 1332 1569 1373 πύλας
1593 1329 1636 1380 (l.
1666 1328 1737 1379 πρὸ

263 1403 266 1405 ’
329 1392 485 1431 πυλάων
504 1407 593 1432 cum
614 1393 718 1433 Flor.
739 1394 915 1439 Christ).

274 1496 453 1548 spurcior
471 1504 530 1536 est
549 1496 728 1551 ejusdem·
746 1497 783 1535 in
807 1496 1224 1547 Thesmophoriazusis
1244 1497 1353 1534 locus
1374 1510 1408 1533 v.
1429 1500 1521 1534 494.
1543 1507 1655 1546 seqq.

538 1592 640 1641 Ἐγὼ
657 1592 697 1631 δὲ
715 1594 935 1644 καταχέασα
950 1601 1013 1631 τοῦ
1034 1595 1215 1644 στροφέως
1234 1592 1344 1643 ῦῖωρ,

539 1653 726 1700 Έξῆλὲον
745 1658 795 1697 ὡς
815 1654 879 1694 τὸν
898 1660 1049 1708 μοῖχον·
1071 1653 1131 1693 εἶτ’
1151 1654 1345 1706 ἠρειδόμην

540 1716 654 1767 Παριί
672 1717 737 1755 τὸν
753 1719 905 1765 Ἀγυιᾶ,
921 1716 1017 1755 mlvi?
1033 1717 1192 1771 ἐχομένη
1212 1726 1277 1763 τῆς
1296 1716 1449 1768 δάφνης.

274 1808 498 1860 Hesychius
519 1824 679 1861 quoque
706 1811 761 1849 ait
785 1813 974 1859 Ἀγυιεύς·
1003 1812 1022 1848 ὁ
1052 1811 1122 1863 πρὸ
1149 1818 1221 1849 τῶν
1246 1809 1370 1862 θυρῶν
1401 1812 1516 1853 ἑστὼς
1539 1808 1670 1861 βωμὸς
1692 1809 1734 1847 ἐν

274 1872 441 1922 σχήματι
469 1875 603 1918 κίονος,
632 1879 672 1910 et
701 1885 738 1912 V.
766 1871 1062 1923 Προστατήριος·
1093 1873 1159 1911 τὸν
1189 1873 1417 1911 Ἀπόλλωνα
1444 1871 1537 1910 οὕτω
1565 1873 1736 1921 λέγουσι,

273 1933 443 1981 παρόσον
461 1932 531 1984 πρὸ
551 1940 624 1971 τῶν
644 1932 767 1983 θυρῶν
787 1934 900 1972 αὑτὸν
918 1934 1150 1986 ἀφιδρύοντο.
1200 1934 1261 1972 De
1281 1934 1390 1972 hisce
1407 1935 1590 1982 Ἀγυιέως
1614 1933 1736 1984 Apol-

271 1992 363 2031 linis
385 1993 459 2031 aris
479 1995 592 2044 plura
611 1995 689 2032 vid.
709 1995 814 2045 apud
841 1995 1075 2046 Harpocrat.
1106 2000 1146 2034 et
1172 1995 1310 2046 steph.
1341 1996 1504 2047 Byzant.
1525 2009 1561 2034 v.
1580 1995 1737 2044 Ἀγυιᾶ,

274 2054 410 2093 Schol.
435 2056 633 2107 Aristoph.
655 2057 703 2094 ad
734 2057 852 2107 Vesp.
888 2058 914 2095 l.
943 2070 994 2103 c.,
1024 2056 1133 2095 Suid.
1165 2070 1200 2094 v.
1228 2059 1393 2106 Ἀγυιαὶ,
1422 2057 1552 2097 Schol.
1579 2055 1737 2094 Horatii
1803 2056 1806 2058 ’

274 2116 301 2154 1.
321 2116 390 2156 IV.
411 2118 491 2156 Od.
509 2123 546 2156 6.
569 2132 604 2157 V.
621 2123 700 2165 28„
721 2119 935 2157 Stanleium
954 2119 1003 2157 ad
1025 2118 1200 2170 AEschyli
1217 2120 1355 2169 Agam.
1376 2131 1414 2156 v.
1431 2123 1564 2163 1090„
1589 2118 1735 2156 Barne-

274 2177 374 2215 sium
392 2178 440 2216 ad
463 2180 602 2230 Eurip.
617 2179 703 2218 Ion.
723 2193 758 2217 v.
779 2183 887 2229 186„
902 2179 1160 2219 Valckenaer.
1174 2180 1223 2218 ad
1246 2180 1381 2218 Phoen.
1397 2181 1423 2218 l.
1438 2193 1487 2227 c.,
1500 2186 1539 2218 et
1558 2180 1734 2230 Interpp.

273 2239 464 2290 Hesychii
491 2241 530 2279 ll.
553 2255 612 2280 ec.
639 2247 678 2279 et
706 2241 875 2280 Pollucis
897 2242 946 2280 ad
967 2243 990 2280 l.
1013 2242 1083 2281 IV.
1104 2255 1134 2280 s.
1157 2246 1247 2281 123.
1292 2243 1462 2281 Hecales
1495 2241 1638 2279 sacella
1657 2240 1734 2279 fre-

273 2302 437 2349 quentia
455 2302 573 2342 fuisse
593 2304 632 2342 in
655 2303 761 2342 atriis
781 2303 1074 2342 Atheniensium
1095 2309 1258 2355 apparet
1276 2317 1322 2341 ex
1340 2303 1540 2353 Aristoph.
1557 2303 1676 2353 Vesp.
1696 2314 1733 2340 v.

271 2363 365 2400 793.
384 2375 495 2414 seqq.

539 2458 628 2507 Κᾴν
650 2465 725 2502 τοῖς
744 2458 944 2509 προθύροις
964 2459 1244 2510 ὰνοικοέομήσει
1264 2465 1339 2502 πᾶς
1354 2460 1463 2510 ἀνὴρ,

537 2519 646 2571 Αὐτῷ
666 2519 932 2573 δικαστηρίδιον
949 2520 1080 2571 μικρὸν
1099 2521 1209 2566 πάνυ,

530 2579 672 2632 ’Ὠσπερ
690 2581 903 2629 Ἑκάταιον,
924 2587 1124 2633 πανταχοῦ
1143 2582 1212 2630 πρὸ
1231 2588 1304 2620 τῶν
1322 2583 1454 2632 θυρῶν.

271 2675 404 2714 Schol.
424 2675 634 2721 Ἑκάταιον,
660 2674 758 2722 ἱερὸν
773 2675 950 2722 ‘Ennia-219,
971 2678 1021 2719 ὡς
1040 2683 1113 2714 τῶν
1130 2675 1346 2723 Ἀθηναίων
1362 2681 1561 2726 πανταχοῦ
1591 2674 1732 2726 ἱδρυμέ-

270 2754 344 2775 νων
363 2739 492 2783 αὗτὴν,
511 2740 561 2780 ὡς
578 2735 710 2789 ἔφορον
728 2739 881 2775 πάντων
901 2739 960 2775 καὶ
978 2739 1227 2790 κουρότροφον.
1286 2737 1402 2776 Unde
1421 2737 1529 2776 dicta
1549 2736 1624 2775 fuit
1642 2739 1730 2787 πρό-

269 2802 371 2836 πυλα
391 2805 432 2837 et
449 2801 668 2850 προθυραῖα.
699 2798 872 2849 Hesych.
887 2798 1088 2850 Πρόπυλα,
1121 2802 1144 2845 ὴ
1166 2799 1304 2846 ‘Eadm
1317 2814 1329 2838 ι
1367 2799 1435 2837 ubi
1454 2799 1533 2837 vid.
1554 2799 1734 2850 Iuterpp..

269 2860 383 2898 Conf.
417 2860 461 2898 L.
490 2860 544 2898 G.
572 2860 737 2912 Gyrald.
771 2860 874 2898 Hist.
907 2861 1027 2898 Deor.
1063 2861 1174 2912 Synt.
1207 2861 1301 2899 XII.
1335 2874 1373 2912 p.
1395 2865 1486 2899 364.
1516 2861 1583 2907 D.,
1603 2867 1642 2899 et
1661 2861 1730 2899 Ez.

269 2922 482 2973 Spauhem.
503 2922 553 2960 ad
575 2923 728 2961 Callim.
752 2922 804 2960 H.
825 2922 863 2960 in
885 2922 1002 2960 Dian.
1023 2937 1058 2961 v.
1077 2926 1140 2960 38.
1162 2935 1200 2972 p.
1225 2926 1314 2961 196.

318 2983 548 3023 Hermarum
571 2996 661 3022 vero
681 2984 841 3022 istorum
870 2984 907 3022 in
936 2984 1044 3023 atriis
1063 2997 1191 3035 neque
1210 2998 1301 3023 cura
1321 2991 1403 3023 erat
1424 2997 1575 3035 magna,
1595 2997 1723 3034 neque
