1925 3272
396 545 874 605 PRAEFATIO
935 545 1402 602 EDITORIS.

166 804 262 853 L1c
274 821 336 853 ET
356 807 517 871 itaque
535 807 654 854 mihi
674 807 882 863 tandem,
899 824 983 871 pro
999 807 1162 854 divina
1179 800 1228 852 in
1245 820 1321 852 me
1338 802 1639 867 indulgentia

166 904 222 935 ac
257 888 480 949 bonitate,
516 889 641 939 hanc
677 890 810 938 finire
845 889 1120 938 Editionem
1157 887 1413 936 Oratorum
1453 886 1636 933 Attico-

165 987 284 1029 rum,
300 988 387 1034 pro
402 989 508 1019 mea
521 982 653 1036 parte
668 973 807 1031 virili,
819 973 973 1036 quoad
991 990 1075 1036 per
1093 971 1449 1019 solicitudinem
1463 984 1634 1027 meam,

167 1054 544 1116 trepidationem,
564 1063 706 1118 atque
726 1056 906 1118 ingenii
926 1053 1315 1109 mediocritatem,
1335 1068 1517 1115 perque
1535 1067 1636 1098 mo-

164 1134 322 1183 lestias
337 1136 617 1183 schedarum
637 1152 745 1198 quae
763 1136 821 1182 de
837 1135 967 1199 prelo
988 1135 1140 1182 indies
1156 1134 1421 1191 veniebant,
1442 1134 1638 1181 intanto

164 1219 333 1265 mentis
351 1219 538 1266 turbine
552 1218 704 1275 licuit,
722 1218 1088 1282 redintegratam
1103 1226 1150 1265 et
1165 1216 1436 1282 expolitam,
1475 1216 1637 1272 Quam

162 1317 273 1359 rem,
289 1301 354 1348 mi
375 1301 558 1361 Lector,
577 1303 616 1349 si
634 1301 694 1348 ad
711 1302 949 1366 aequitatis
968 1317 1179 1348 normam
1194 1299 1475 1364 perpendes,
1496 1300 1638 1348 errati

162 1384 256 1430 mei
281 1384 341 1447 (si
370 1384 512 1433 modo
536 1392 739 1432 erratum
766 1383 847 1446 sit)
873 1385 1060 1432 veniam
1082 1381 1240 1443 facile,
1265 1383 1336 1430 uti
1368 1399 1519 1447 spero,
1546 1383 1634 1430 im-

159 1466 373 1530 petrabo.

227 1548 381 1597 Annis
416 1551 600 1598 circiter
634 1557 742 1598 octo
778 1549 965 1608 abhinc,
1004 1566 1154 1614 quum
1189 1547 1353 1598 Editio
1379 1548 1635 1597 Oratorum

161 1630 428 1679 Atticorum
448 1632 707 1681 Reiskiana
729 1634 970 1681 carissimo
989 1636 1068 1681 vix
1087 1643 1210 1681 esset
1231 1633 1444 1697 paranda
1465 1634 1632 1697 pretio,

161 1713 395 1762 Ricardus
424 1714 715 1775 Priestleius,
747 1714 1021 1778 Bibliopola
1048 1714 1451 1779 Metropolitanus
1475 1717 1632 1779 (cujus

159 1797 209 1843 in
233 1797 456 1844 librorum
479 1805 588 1845 tum·
604 1796 878 1845 Latinorum
902 1805 1003 1845 turn
1028 1798 1306 1846 Graecorum
1330 1798 1633 1862 evulgatione

157 1879 432 1936 liberalitas,
456 1897 553 1944 qua
574 1880 732 1927 studia
751 1880 1060 1927 humanitatis
1081 1888 1127 1927 et
1143 1880 1384 1928 literarum
1407 1888 1632 1945 provecta

156 1970 279 2021 sunt,
299 1962 503 2010 maxime
528 1971 598 2010 est
620 1962 876 2021 laudanda,
899 1979 1000 2010 sors
1020 1963 1160 2010 valde
1181 1962 1439 2027 deflenda),
1458 1980 1628 2012 novam

157 2046 413 2094 eorundem
438 2045 709 2095 Editionem
732 2047 1047 2110 excogitavit:
1086 2047 1187 2110 ipse
1218 2048 1345 2104 item,
1370 2046 1628 2094 literaturae

155 2129 308 2192 magis
325 2145 502 2186 amans,
518 2129 681 2189 fateor,
702 2146 844 2193 quam
865 2129 1029 2176 doctus
1050 2137 1096 2176 et
1114 2129 1339 2187 eruditus,
1358 2145 1456 2176 rem
1471 2129 1625 2187 subii;

156 2211 411 2276 turbasque
445 2214 565 2260 inter
600 2221 646 2260 et
680 2229 834 2260 moras
869 2210 1021 2275 Opus,
1055 2210 1196 2275 quale
1228 2212 1289 2259 sit
1322 2227 1525 2275 cunque,
1562 2210 1625 2259 ad

155 2291 295 2341 finem
312 2296 413 2358 jam
435 2294 654 2358 perduxi.

222 2375 418 2424 Fundus
475 2394 588 2441 ergo
645 2383 691 2424 et
746 2375 1106 2425 fundamentum
1161 2374 1206 2422 N
1211 2383 1348 2423 ostrae
1398 2375 1624 2423 editionis

155 2459 415 2508 Reiskiana
458 2468 557 2508 est:
609 2460 900 2507 accessiones
953 2467 1000 2507 et
1048 2459 1370 2507 additamenta
1420 2457 1623 2505 breviter

154 2557 403 2605 exponam.

218 2622 422 2671 Textum
451 2622 761 2687 Antiphontis
787 2632 833 2670 et
856 2623 1119 2671 Andocidis
1144 2623 1204 2671 ad
1228 2621 1371 2670 fidem
1397 2622 1618 2670 codicum

154 2705 356 2753 duorum
381 2704 543 2763 MSS„
585 2706 635 2752 in
660 2705 833 2753 Museo
869 2705 1142 2754 Britannico
1178 2723 1305 2754 nunc
1329 2707 1483 2770 ipsum
1521 2721 1616 2751 ser-

153 2795 366 2835 vatorum
402 2789 484 2852 (de
526 2788 700 2852 quibus
736 2789 846 2836 vide
881 2788 1113 2836 Notitiam
1151 2789 1211 2836 ad
1241 2787 1488 2834 Variantes
1527 2785 1615 2834 Le-

151 2871 330 2918 ctiones
352 2871 735 2935 Antiphonteas),
761 2873 1036 2937 ubicunque
1055 2872 1266 2920 locorum
1289 2870 1613 2935 supplevimus

151 2961 199 3001 et
233 2953 611 3004 emendavimus:
648 2955 1108 3018 Annotationesque‚
1133 2954 1243 3001 hine
1275 2953 1406 3003 illinc
1438 2954 1488 3000 in
1511 2953 1613 3000 edi-
