1818 3189
102 1743 179 1780 152

209 158 308 199 xxvi
582 155 930 199 RUHNKENII
964 154 1114 198 HlST.
1145 153 1296 197 CRlT.

210 269 306 319 Reg.
328 273 476 322 Εὺφυὴς
498 274 556 309 καὶ
574 274 733 322 εὺμαθὴς
758 271 930 323 διαφέρει.
956 269 1123 321 εὐμαθὴς
1151 269 1231 320 μὲν,
1259 270 1278 306 ὁ
1304 270 1426 308 καλῶς
1447 264 1668 316 μανθάνων,

209 333 341 382 εὐφυὴς
370 331 422 377 δὲ,
456 333 474 369 ὁ
507 337 720 383 πανοῦργος
755 334 814 369 καὶ
849 338 1028 378 σκώπτης.
1087 332 1146 369 Sic
1175 330 1291 368 ellan]
1322 328 1565 371 Ammonius,
1601 325 1667 362 ubl

208 391 511 431 Valckenaerius
531 393 579 429 V.
601 393 645 431 C.
673 394 791 432 docte
807 393 996 444 explicuit
1012 393 1113 430 hanc
1135 391 1243 428 vocis
1267 395 1517 440 potestatem.
1576 386 1666 423 Plu-

206 454 332 490 tarch.
364 453 567 491 Demosth.
588 455 621 499 ξ.
643 454 700 492 κε’.
731 455 765 492 οἱ
785 455 812 492 δ’
832 457 974 506 εὐφυεῖς
999 454 1260 504 χλευάζονι-ις,
1282 453 1356 500 οὺχ
1382 449 1454 487 ὑπὸ
1476 448 1669 499 κυνάγχης

204 512 375 565 ἔφραζον,
397 514 487 551 ἀλλ’
507 515 564 551 ὑπ’
582 511 831 568 ἀργυράγχης
849 513 1026 567 εἰλῆφθαι
1053 517 1189 563 νύκτωρ
1217 512 1281 550 τὸν
1301 511 1542 561 δημαγωγόν.
1599 510 1670 545 At-

208 575 274 624 qui
303 575 402 613 inter
437 576 524 613 illos
559 579 702 628 εὺφυεῑς
730 576 946 614 Demadem
979 576 1110 618 fuisse,
1143 574 1261 612 tradit
1291 571 1428 610 Pollux
1457 571 1548 608 VII.
1578 573 1668 607 104.

207 635 346 672 Cicero
379 649 534 688 quoque
569 638 680 677 Orat.
713 641 778 675 26.
824 636 1040 675 Demadem
1075 640 1097 658 “
1124 642 1267 685 praeter
1301 640 1465 671 caeteros
1494 637 1669 668 oratores

205 695 530 736 facetum'’dicit:
560 698 678 747 idque
700 698 792 736 satis
811 699 1022 736 ostendunt
1043 697 1163 734 multa
1183 696 1265 745 ejus
1283 694 1400 738 dicta,
1416 706 1503 744 quae
1526 691 1670 742 passim

206 767 567 798 commemorantur.
624 761 754 799 Nauta
774 761 822 798 ab
844 761 928 798 aliis
959 760 1073 798 etiam
1101 757 1360 808 scriptoribus
1384 755 1578 793 Demades
1598 767 1670 791 vo-

206 826 336 858 catur:
369 821 610 873 ἰχὲυοπώλης
639 836 660 859 a
693 823 829 860 Proclo
860 822 1154 872 Prolegomenis
1185 819 1340 857 ineditis
1369 819 1407 855 in
1439 817 1670 855 Hesiodum.

205 879 350 919 Vocem
370 884 628 934 Ὀλυμπιάδα,
647 897 765 934 quam
792 884 1030 933 Interpretes
1054 882 1218 919 ridicule
1244 880 1292 917 dc
1313 878 1523 917 Alexandri
1544 884 1670 916 matre

207 951 459 993 acceperunt,
487 946 523 982 in
552 946 682 983 sedern
711 958 815 983 suam
844 945 1126 989 revocavimus,
1157 943 1457 992 adjecimusque
1488 954 1669 979 numeros

201 994 268 1057 ᾖε..
353 1006 453 1044 Nam
494 1008 654 1045 Diodor.
706 1007 829 1046 Sicul.
869 1007 1023 1045 XVIII.
1065 1020 1104 1057 p.
1137 1009 1230 1044 293.
1276 1005 1462 1043 Demadis
1501 1011 1669 1042 mortem

204 1068 323 1106 refert
357 1068 405 1105 ad
442 1068 601 1119 Olymp.
633 1069 758 1106 CXV.
787 1072 825 1107 2.
893 1069 945 1106 Ut
977 1081 1067 1105 vero
1103 1069 1295 1105 Demades
1325 1067 1556 1112 orationem,
1590 1078 1667 1115 qua

203 1143 327 1167 rerum
350 1142 417 1179 per
439 1130 643 1168 duodecim
671 1143 794 1168 annos
819 1144 840 1168 a
868 1143 907 1168 se
937 1136 1132 1179 gestarum
1162 1130 1349 1166 rationem
1380 1127 1565 1173 reddidit,
1586 1128 1669 1176 περὶ

202 1199 267 1236 τῆς
287 1191 525 1235 δωδεκαετίας
552 1191 760 1242 inscripsit,
790 1192 845 1229 sic
867 1191 1088 1229 Demetrius
1112 1191 1333 1235 Phalereus,
1362 1195 1461 1226 teste
1487 1188 1669 1238 Diogene

202 1252 327 1290 Laert.
348 1253 396 1290 V.
418 1256 483 1290 81.
504 1253 642 1290 librum
674 1253 830 1302 scripsit
857 1255 936 1304 περὶ
956 1259 1020 1298 τῆς
1041 1251 1243 1297 δεκαετίας,
1272 1263 1352 1300 quo
1373 1262 1450 1286 non
1472 1249 1668 1286 decenna-

199 1314 272 1351 lem
294 1314 425 1362 Trojae
447 1314 688 1352 obsidionem
711 1316 917 1359 enarravit,
939 1321 980 1351 ut
1001 1313 1132 1363 inepte
1154 1311 1318 1361 conjicit
1346 1310 1565 1360 Menagius,
1596 1309 1665 1348 sed

199 1376 387 1413 rationem
410 1375 583 1413 reddidit
610 1376 745 1413 decem
773 1388 974 1421 annorum,
1002 1375 1144 1424 quibus
1171 1374 1254 1424 ipse
1275 1371 1500 1423 reipublicae
1521 1370 1664 1421 praefu·

199 1444 280 1475 erat
300 1450 446 1474 summa
467 1450 552 1474 cum
576 1439 819 1475 auctoritate.
879 1437 1089 1474 Historiam
1113 1435 1202 1473 Deli
1229 1442 1373 1485 praeter
1393 1447 1472 1472 rem
1495 1433 1664 1471 Demadi

199 1498 332 1546 tribui,
362 1500 462 1535 bene
488 1497 642 1548 judicat
669 1498 869 1536 Fabricius
896 1497 998 1535 Bibl.
1030 1498 1104 1535 Gr.
1134 1496 1223 1533 Vol.
1253 1496 1323 1534 IV.
1353 1509 1393 1546 p.
1421 1499 1514 1533 421.
1572 1495 1664 1532 Non

198 1565 324 1596 autem
349 1559 542 1597 Demades
564 1559 719 1608 judicia
746 1566 784 1597 et
805 1560 1017 1597 Oratorum
1037 1557 1251 1596 certamina
1272 1557 1441 1603 sustulit,
1466 1555 1536 1594 sed
1557 1556 1668 1594 Anti-

199 1627 308 1669 pater
328 1628 416 1671 post
437 1620 615 1670 proelium
635 1621 682 1658 ad
708 1621 941 1659 Cranonem.
1001 1620 1141 1670 Itaque
1161 1618 1293 1664 verba,
1322 1619 1364 1662 ὃς
1384 1619 1564 1656 κατέλυσε
1583 1623 1662 1659 etc.

197 1680 247 1718 ad
278 1682 522 1731 Antipatrum
554 1681 831 1719 transtulimus.
887 1682 1034 1719 Ultima
1064 1680 1196 1726 verba,
1225 1681 1285 1717 καὶ
1312 1682 1387 1730 μετ’
1413 1679 1666 1730 Ἀλέξανδρον

197 1747 274 1779 etc.
297 1742 372 1780 huc
393 1756 412 1779 e
434 1743 607 1790 sequenti
628 1742 793 1780 articulo
815 1742 1033 1780 revocanda
1055 1754 1154 1787 esse,
1174 1741 1322 1778 viderat
1343 1740 1457 1778 etiam
1480 1740 1661 1778 doctissi-

198 1816 282 1841 mus
304 1804 507 1841 Kusterus.
569 1805 769 1842 Hactenus
799 1804 848 1841 de
876 1803 1125 1841 Suidaeloco.
1185 1802 1380 1840 Demades
1401 1802 1516 1840 etiam
1533 1802 1662 1852 attigit

196 1865 446 1916 Harpalicam
469 1867 686 1915 pecuniam.
744 1865 930 1903 Dinarch.
958 1878 994 1903 c.
1027 1864 1236 1902 Demosth.
1257 1866 1289 1911 ξ.
1312 1864 1368 1901 ις’.
1397 1870 1436 1901 et
1456 1877 1491 1902 c.
1515 1864 1664 1903 Aristo-

195 1927 262 1976 git.
294 1930 326 1974 ξ.
361 1926 400 1965 δ’.
477 1928 769 1978 Euthycratem,
801 1927 1047 1978 Olynthium,
1079 1926 1129 1963 ab
1164 1925 1474 1964 Atheniensibus
1505 1926 1662 1965 infamia

196 1995 385 2032 notatum,
414 1988 451 2025 in
474 1989 665 2038 integrum
685 1988 862 2034 restituit,
885 1994 923 2026 et
943 1987 1145 2038 publicum
1165 1987 1357 2036 hospitem
1387 1985 1492 2025 fecit.
1551 1988 1660 2025 Suid.

196 2061 230 2087 v.
252 2048 440 2100 Δημάδης.
491 2049 609 2093 Quod
630 2049 715 2098 ejus
735 2049 935 2087 decretum
957 2049 1192 2099 Polyeuctus
1213 2048 1450 2099 oppugnavit
1470 2049 1658 2095 oratione,

196 2123 284 2160 quae
313 2110 494 2148 laudatur
523 2111 572 2148 ab
602 2111 750 2159 Apsine
775 2113 857 2148 Art.
885 2111 1001 2149 Rhet.
1035 2123 1076 2160 p.
1101 2114 1192 2150 707.
1250 2109 1350 2147 Cum
1380 2109 1582 2147 Phocione
1611 2111 1660 2148 de

194 2172 291 2209 urbe
310 2171 501 2210 tradenda
518 2172 727 2222 Antipatro
743 2171 952 2209 consensit.¹
984 2171 1135 2221 -Nepos
1151 2171 1336 2208 Phocion.
1358 2175 1396 2208 2.
1416 2177 1454 2209 et
1474 2172 1526 2209 ibi
1550 2172 1664 2209 Lam-

193 2231 320 2270 binus.
379 2232 528 2279 Filium,
550 2233 689 2270 eximia
717 2232 839 2271 forma
868 2233 1091 2283 praediturn,
1114 2232 1303 2282 Philippo.
1318 2232 1365 2270 ad
1388 2239 1521 2283 turpes
1548 2232 1656 2270 volu-

192 2300 318 2342 ptates
352 2293 521 2343 reliquit.
580 2294 787 2331 Scholiast.
818 2294 855 2330 in
886 2294 1120 2343 Hermogen.
1152 2306 1191 2342 p.
1214 2296 1306 2330 356.
1341 2297 1381 2330 et
1402 2292 1515 2330 Suid.
1552 2292 1589 2329 in
1621 2306 1656 2331 v.

193 2354 326 2392 Mores
346 2355 510 2392 hominis
539 2363 578 2393 et
609 2355 770 2393 formam
803 2356 857 2393 ita
886 2355 1076 2394 describit
1104 2354 1275 2405 Pytheas
1302 2354 1404 2404 apud
1434 2354 1579 2392 Athen.
1601 2355 1657 2393 ΙΙ.

190 2429 231 2466 p.
251 2421 316 2454 44.
341 2416 381 2455 F.
401 2418 420 2454 ὁ
440 2416 474 2453 Ee*
504 2417 767 2466 πορνοβοσκῶν
795 2419 854 2453 καὶ
879 2416 1173 2467 μεθυσκόμενος,
1200 2418 1292 2453 κατὰ
1317 2418 1383 2461 τὴν
1409 2418 1554 2467 ἡμέραν
1571 2416 1656 2454 ἑκά-

192 2494 284 2523 στην
303 2477 525 2528 προγάστωρ
551 2480 639 2529 ἡμῖν
666 2479 705 2517 ἐν
732 2484 813 2521 ταῖς
838 2479 1050 2525 ἐκκλησίαις
1069 2480 1342 2516 ἀνακυκλεῖται.
1403 2477 1516 2516 Plura
1539 2478 1588 2516 de
1608 2492 1656 2517 eo

193 2538 399 2575 Fabricius
420 2537 443 2575 l.
466 2552 500 2576 c.

243 2601 401 2639 XXIV.
431 2601 547 2639 Nunc
575 2603 744 2653 reliquos
774 2601 889 2651 hujus
915 2603 1041 2640 aetatis
1063 2602 1264 2648 Oratores,
1295 2615 1316 2639 a
1338 2601 1529 2639 Cicerone
1559 2614 1656 2652 prae-

190 2663 397 2709 termissos,
419 2676 701 2701 enumeremus.

243 2724 371 2761 XXV.
404 2725 715 2770 ANDROTION,
737 2724 949 2769 Andronis,
971 2723 1070 2761 forte
1092 2723 1192 2773 ejus,
1222 2737 1336 2773 quem
1362 2723 1653 2773 Harpocration

188 2796 303 2820 unum
340 2798 385 2821 ex
413 2784 718 2836 Quadringentis
744 2784 863 2822 fuisse
899 2784 1045 2830 scribit,
1081 2783 1198 2830 filius,
1218 2784 1400 2822 Isocratis
1419 2784 1653 2834 discipulus.

189 2843 284 2880 Suid
307 2843 342 2880 in
362 2858 395 2881 v.
430 2845 578 2883 Contra
599 2847 700 2883 hunc
717 2850 841 2883 exstat
857 2844 1131 2882 Demosthenis
1153 2844 1289 2892 oratio,
1307 2857 1435 2895 quam,
1455 2844 1559 2895 quod
1581 2844 1654 2882 sibi

189 2916 274 2941 cum
302 2905 482 2944 Isocratis
509 2906 702 2957 discipulo
734 2908 960 2945 certandum
988 2913 1102 2952 esset,
1135 2918 1281 2944 summa
1311 2911 1392 2945 arte
1425 2905 1652 2944 elaboravit.
