1818 3189
245 216 333 259 222
726 215 760 255 Ι.
792 213 917 256 ΟΤΤ.
951 213 1228 256 SLUITERI

245 321 647 372 busjurisdictionem
669 334 715 359 ex
737 321 780 359 ll.
803 321 867 359 all.
889 321 979 359 satis
1012 321 1217 372 apparuit:
1248 320 1390 371 quibus
1419 319 1511 358 addi
1539 323 1704 370 possunt

244 384 380 435 Lysias
417 397 450 421 c.
486 383 616 420 Alcib.
652 395 690 433 p.
730 387 820 421 144.
853 396 887 420 v.
925 387 1004 430 27„
1043 385 1164 421 lsaeus
1195 383 1233 420 d.
1265 383 1335 420 Or.
1366 395 1404 432 p.
1435 384 1499 419 43.
1529 394 1565 418 v.
1594 386 1635 420 9.
1663 386 1703 418 et

245 449 324 490 13„
347 444 551 482 Demosth.
584 444 672 481 adv.
707 444 816 482 Lacr.
847 458 886 495 p.
908 449 999 484 940.
1031 451 1094 483 10.
1127 445 1214 483 adv.
1246 445 1423 482 Pantaen.
1457 456 1494 493 p.
1516 446 1607 483 976.
1637 445 1698 479 12.

244 507 333 544 adv.
365 506 501 556 Steph.
532 507 584 543 ΙΙ.
606 519 645 557 p.
669 510 786 544 1135.
814 510 893 552 24„
935 508 1071 545 Pollux
1091 508 1116 546 l.
1143 508 1254 545 VIII.
1287 521 1317 545 s.
1345 511 1425 552 39„
1468 507 1702 556 Harpocrat.

244 581 279 606 v.
299 568 481 619 ἡγεμονία
497 567 742 620 δικαστηρίου.
799 569 852 607 At
872 568 920 606 de
939 570 1150 620 ἑπικλὴροις
1168 576 1240 608 τῶν
1260 568 1451 621 μετοίκων,
1474 566 1531 604 uti
1551 567 1599 605 de
1619 579 1706 605 om-

246 629 376 676 nibus,
407 643 495 680 quae
528 629 576 668 ad
613 629 698 668 illos
731 630 982 681 pertinerent,
1007 630 1075 680 jus
1105 630 1264 668 dicebat
1293 628 1593 669 Polemarchus:
1621 627 1703 666 vid.

245 691 417 729 Budaeus
443 691 660 729 comment.
682 692 726 729 L.
748 692 822 731 Gr.
845 705 883 742 p.
906 705 956 729 m.
980 696 1058 738 31„
1088 692 1269 742 Sigonius
1300 691 1349 730 de
1380 692 1480 742 Rep.
1510 691 1655 729 Athen.
1676 689 1703 728 l.

246 753 325 791 III.
348 766 383 791 c.
397 757 439 792 ⁷1.
460 759 500 791 et
518 753 544 791 l.
560 753 629 793 IV.
650 766 683 792 e.
706 756 759 799 3.,
790 753 938 791 Petitus
960 754 1177 792 Comment.
1198 753 1246 791 ad
1267 754 1392 804 Leges
1412 754 1495 790 Att.
1516 753 1542 790 l.
1561 765 1595 790 c.
1616 757 1656 790 et
1674 751 1703 789 l.

244 814 318 852 VI.
339 820 369 852 t.
391 818 430 853 2.
449 828 489 865 p.
511 819 601 853 551.
624 828 706 865 seq.
763 815 822 852 Ex
843 815 919 853 hoc
938 814 1028 865 jure
1051 817 1186 855 Attico
1207 816 1398 855 desumtae
1420 815 1577 853 fuerunt
1596 827 1706 853 com-

246 877 378 927 plures
399 883 571 914 veterum
594 876 822 915 Comoediae.
880 877 1073 925 Alexidis,
1096 877 1344 928 Antiphanis‚
1373 876 1582 923 Heniochi,
1605 876 1706 914 Dio-

245 938 331 977 dori
352 938 579 988 Sinopensis
609 938 778 977 citantur
809 938 954 977 fabulae
987 940 1210 992 Ἐπίκληρος
1239 939 1465 990 inscriptae;
1497 937 1707 977 Menandri

246 1000 336 1038 duae
357 1000 588 1037 exstiterunt
608 999 682 1038 hoc
705 1000 845 1040 titulo:
875 1001 1028 1051 Diphili
1057 1002 1278 1052 Ἐπίκληρος
1303 1007 1343 1040 et
1364 1000 1709 1050 Ἐπιὸικαζόμενοςι

244 1061 476 1111 Apollodori
496 1061 817 1113 Ἐπιδικαζόμενος
839 1062 931 1100 olim
961 1063 1123 1109 exstitit,
1145 1063 1298 1103 diversa
1317 1063 1367 1102 ab
1385 1062 1705 1116 Ἐπιδικαζομένῃ,

245 1135 291 1160 ex
312 1135 389 1173 qua
409 1122 689 1160 Phormionem
708 1137 817 1161 suum
846 1124 1044 1162 transtulit
1071 1125 1301 1171 Terentius3
1330 1126 1430 1163 hanc
1460 1124 1562 1162 enim
1589 1123 1707 1161 fuisse

244 1183 471 1235 inscriptam
489 1184 814 1236 Ἐπιδικαζομένην
834 1185 893 1223 vel
914 1199 960 1223 ex
976 1186 1209 1225 Terentiana
1227 1186 1359 1224 fabula
1375 1192 1432 1224 est
1446 1185 1708 1232 manifestum,

245 1258 333 1283 cum
361 1259 439 1283 non
464 1245 622 1295 juvenis
651 1246 837 1297 puellam,
860 1246 928 1285 sed
949 1247 1150 1293 Phormio,
1172 1248 1326 1286 nomine
1356 1246 1707 1298 puellae‚juvenem

246 1306 438 1344 volentem
459 1306 666 1356 injudicio
682 1308 869 1357 coegerit,
889 1314 932 1346 ut
951 1308 1112 1346 duceret
1127 1315 1306 1347 amatam.

299 1368 400 1406 Haec
420 1374 548 1406 autem
570 1368 752 1419 quoniam
774 1369 973 1420 aliquanto
997 1370 1111 1408 latius
1142 1371 1403 1421 exposuimus,
1434 1383 1481 1407 ne
1512 1368 1605 1419 quid
1636 1368 1708 1406 ob-

246 1442 401 1467 scurum
432 1429 506 1467 hac
537 1437 647 1480 parte
680 1437 795 1477 esset,
824 1430 1051 1477 videndum,
1083 1432 1177 1482 quid
1211 1432 1259 1470 ad
1289 1445 1349 1470 res
1375 1431 1592 1470 Andocidis
1621 1430 1708 1469 illu-

245 1491 423 1529 strandas
444 1490 603 1530 saciant.
661 1492 845 1543 Epilycus
867 1492 1105 1530 Thersandri
1126 1492 1245 1541 filius,
1265 1494 1323 1532 vir
1338 1494 1429 1532 item
1451 1495 1488 1531 in
1510 1492 1710 1544 republica

246 1553 372 1595 clarus
393 1558 432 1590 et
452 1552 601 1602 generis
631 1553 836 1592 nobilitate
869 1555 1077 1601 excellens,
1113 1556 1327 1594 avunculus
1354 1555 1586 1602 Andocidis,
1615 1553 1709 1605 (vid.

248 1614 319 1652 Or.
341 1614 389 1652 de
410 1615 533 1665 Myst.
564 1627 604 1665 p.
624 1618 689 1653 15.
719 1628 755 1652 v.
784 1619 852 1653 35.
883 1615 932 1653 de
964 1616 1066 1654 Pace
1099 1629 1139 1666 p.
1161 1620 1227 1657 27.
1257 1631 1294 1656 v.
1320 1618 1405 1666 10.)
1435 1616 1515 1655 sine
1536 1614 1710 1654 mascula

244 1677 370 1727 prole,
390 1676 612 1721 decesserat
632 1677 670 1714 in
698 1676 854 1715 Sicilia:
885 1676 985 1716 filias
1006 1678 1216 1728 reliquerat
1234 1679 1345 1727 duas,
1373 1693 1462 1730 quae
1476 1678 1566 1728 jure
1593 1679 1710 1728 ἀγχι-

247 1742 387 1787 στείας,
418 1752 506 1777 cum
538 1745 669 1777 essent
698 1740 903 1792 ἐπίκληροι,
935 1740 1129 1779 cedebant
1159 1741 1414 1788 consobrinis,
1446 1739 1642 1779 Andocidi
1670 1744 1711 1778 et

247 1799 414 1852 Leagro.
471 1801 616 1839 Puellae
646 1801 733 1839 istae
762 1802 801 1839 in
831 1815 871 1840 re
891 1808 1056 1853 angusta
1076 1809 1208 1846 erant:
1237 1817 1325 1843 nam
1348 1805 1480 1843 debita
1500 1803 1622 1854 patris
1643 1802 1712 1841 de-

245 1861 371 1900 functi
403 1861 524 1912 pluris
560 1868 672 1901 erant
705 1876 821 1912 quam
854 1864 1026 1915 quinque
1055 1865 1316 1910 talentorum3
1354 1866 1587 1916 praediorum
1608 1865 1712 1902 illius

247 1923 457 1962 aestimatio
489 1937 537 1962 ne
570 1923 735 1962 duorum
765 1924 922 1975 quidem
952 1926 1190 1964 talentorum
1218 1934 1312 1965 erat.
1370 1927 1563 1965 Convenit
1580 1932 1711 1964 tamen

246 1986 348 2025 inter
360 1985 608 2025 Andocidem
629 1991 668 2024 et
687 1986 897 2038 Leagrum,
911 1992 955 2026 ut
973 1988 1188 2038 puellarum
1211 1988 1283 2026 sibi
1304 1987 1467 2038 quisque
1487 2001 1603 2026 unam
1619 1988 1711 2038 jure

247 2050 473 2100 ἀγχιστείας
494 2053 658 2099 peteret,
681 2061 768 2086 cum
791 2048 885 2087 satis
904 2048 1042 2087 fuisset
1062 2049 1134 2088 illis
1157 2050 1380 2088 alterutram
1401 2050 1459 2088 vel
1476 2049 1550 2088 sibi
1564 2055 1712 2100 petere,

247 2110 309 2147 vel
330 2122 418 2148 cum
438 2109 531 2147 dote
551 2109 718 2156 elocare,
739 2110 955 2148 secundum
976 2111 1123 2161 Legem
1145 2123 1262 2162 supra
1288 2111 1355 2150 cit.
1375 2111 1480 2163 apud
1500 2111 1711 2150 Demosth-

248 2185 285 2210 ο.
308 2172 477 2209 Macart.
494 2183 533 2221 p.
556 2174 674 2211 1067.
695 2175 760 2212 27.
818 2172 1010 2210 Fecerunt
1031 2172 1137 2222 quod
1158 2180 1242 2211 erat
1269 2179 1482 2220 statutum;
1513 2179 1565 2222 et,
1595 2185 1712 2225 quam

250 2233 409 2284 quidem
448 2233 676 2272 Andocides
721 2240 932 2285 acceperat
976 2235 1159 2286 puellam,
1205 2249 1251 2274 ea
1290 2235 1397 2275 brevi
1436 2243 1587 2275 mortua
1623 2241 1713 2279 est:

250 2309 367 2344 quam
388 2309 480 2334 vero
501 2296 664 2344 Leager,
687 2297 791 2334 salva
811 2296 964 2335 mansit.
1021 2298 1136 2336 Hanc
1158 2298 1232 2336 sibi
1251 2298 1396 2337 habere
1417 2298 1601 2349 cupiebat
1620 2297 1711 2336 Cal-

248 2357 321 2395 lias
342 2357 556 2409 Hipponici
576 2358 691 2405 filius,
708 2364 822 2409 gente
843 2359 1079 2398 nobilissima
1093 2360 1259 2399 Athenis
1281 2367 1403 2408 ortus,
1420 2361 1479 2399 vir
1497 2361 1714 2412 improbuS,

250 2418 396 2456 Veneri
425 2419 599 2470 apprime
628 2419 797 2467 deditus,
829 2427 1046 2459 scortorum
1080 2422 1377 2469 amantissimus,
1406 2436 1486 2474 quo
1510 2435 1641 2461 amore
1672 2421 1713 2460 id

251 2479 396 2527 effecit,
416 2486 459 2518 ut
489 2480 590 2518 bona
620 2494 686 2519 sua
708 2481 918 2520 admodum
939 2483 1139 2530 minueret,
1163 2497 1209 2523 ac
1230 2497 1388 2535 prorsus
1408 2484 1489 2523 fere
1507 2483 1713 2535 disperde-

251 2549 336 2582 ret:
364 2541 458 2591 (vid.
483 2541 686 2592 Aristoph.
708 2544 806 2582 Ran.
827 2548 919 2583 431.
947 2558 1056 2596 seqq.
1078 2546 1152 2585 Av.
1173 2549 1266 2584 285.
1301 2559 1411 2597 seqq.
1445 2546 1596 2585 Eccles.
1617 2549 1712 2584 805.

253 2610 294 2645 et
313 2603 473 2642 Scholia
494 2603 543 2642 ad
562 2603 630 2642 dd.
652 2604 709 2650 ll.,
731 2605 884 2644 Andoc.
906 2607 954 2645 de
976 2608 1099 2658 Myst.
1121 2621 1160 2658 p.
1185 2612 1246 2646 15.
1267 2621 1388 2657 seqq„
1417 2607 1640 2646 Perizonius
1659 2606 1710 2646 ad

251 2665 394 2703 AElian.
415 2665 464 2703 V.
484 2665 535 2704 H.
553 2665 579 2702 l.
599 2665 669 2705 lV.
691 2678 726 2703 c.
754 2670 814 2705 16.
835 2672 875 2704 et
894 2669 976 2715 23.)
996 2674 1038 2705 ut
1065 2681 1112 2706 ne
1134 2668 1215 2706 duo
1241 2668 1400 2718 quidem
1419 2669 1564 2707 talenta
1583 2669 1624 2708 in
1644 2668 1716 2707 he-

250 2727 416 2766 reditate
437 2732 599 2778 paterna
620 2727 821 2775 invenerit,
843 2741 928 2766 cum
950 2742 1044 2767 avus
1067 2729 1152 2780 ejus
1183 2729 1361 2768 ducentis
1392 2743 1529 2769 census
1559 2731 1715 2770 talentis

252 2789 402 2836 fuisset,
431 2794 476 2828 ut
496 2788 629 2840 Lysias
657 2788 712 2827 ait
739 2789 787 2827 de
810 2789 927 2827 Bonis
956 2790 1157 2842 Aristoph.
1188 2803 1228 2841 p.
1254 2795 1346 2829 156.
1372 2805 1405 2830 ν.
1428 2797 1492 2831 10.
1522 2792 1641 2842 idque
1662 2806 1715 2831 ex

252 2865 299 2889 co
319 2850 364 2889 fit
383 2851 602 2902 verisimile,
631 2850 735 2900 quod
758 2850 916 2889 viventis
945 2851 1073 2891 adhuc
1094 2853 1212 2903 patris
1234 2852 1335 2892 bona
1361 2867 1447 2892 eum
1479 2854 1714 2905 dilapidasse

253 2912 351 2951 dicit
382 2913 538 2952 Andoc.
557 2912 595 2951 d.
616 2912 641 2950 l.
689 2912 905 2951 Ridiculam
939 2912 1024 2963 ejus
1057 2914 1300 2962 Orationem,
1331 2928 1451 2966 quum
1485 2916 1634 2967 legatus
1664 2916 1714 2955 de

254 2984 351 3023 pace
384 2974 432 3013 ad
464 2973 784 3013 Lacedaemonios
816 2974 953 3022 missus
982 2982 1095 3023 esset,
1127 2989 1201 3027 pro
1236 2977 1305 3016 viri
1339 2977 1493 3028 ingenio
1525 2977 1715 3016 describit
