1818 3189
218 183 274 224 20
514 181 690 223 PETRI
719 180 845 221 VAN
878 180 1080 223 SPAAN
1112 180 1381 226 DISSERT.

225 289 426 340 haruspici
448 288 618 326 tribuere
641 289 761 335 λόγον
783 288 864 338 περὶ
891 289 1082 335 ἀληθείας,
1102 290 1221 337 λόγον
1239 289 1320 338 περὶ
1339 287 1532 339 ὁμονοίας,
1557 289 1677 337 λόγον

224 350 428 396 πολιτικὸν,
449 356 487 387 et
505 351 645 397 λόγους
673 347 953 400 δημηγορικοὺς.
997 350 1072 388 Sed
1095 356 1135 387 ut
1155 350 1391 400 posteriores
1412 349 1606 387 orationes
1626 349 1677 388 ad

227 411 515 449 Rhamnusium
543 408 757 447 referendae
778 409 969 456 videntur,
997 410 1051 449 sic
1077 410 1246 449 omnium
1275 423 1466 449 consensu
1487 410 1578 449 libri
1599 412 1680 460 περὶ

222 473 428 520 Ἀλη-ἓείας
457 471 681 509 tribuuntur
708 472 946 523 Antiphonti
977 471 1186 523 Sophistae.
1243 471 1499 510 Grammatici
1529 477 1679 510 veteres

225 534 331 585 apud
358 533 576 571 Fabricium
597 533 696 571 duos
721 532 836 582 hujus
864 534 990 585 operis
1015 534 1136 572 libros
1162 533 1336 572 laudant.
1393 533 1470 571 Sed
1490 533 1588 571 liber
1609 532 1680 571 de-

227 596 350 634 cimus
371 601 501 633 sextus
527 595 565 632 in
595 594 726 632 Schol.
758 595 846 633 MS.
874 596 1163 640 Demosthenis,
1193 596 1300 646 quod
1324 594 1488 634 Wolfius
1515 595 1566 633 ad
1592 607 1681 633 eum

226 657 338 695 affert
360 670 399 707 p.
421 661 537 695 1151.
558 657 722 696 citatur:
753 659 794 696 ἐν
814 661 862 710 τῷ
883 658 926 696 ις’
946 668 1012 704 τῆς
1028 660 1235 705 Ἀληθείας
1254 659 1273 695 ὁ
1291 658 1403 701 αὐτὸς
1423 659 1600 708 κέχρηται
1621 656 1682 694 καὶ

226 720 286 757 ἐπὶ
306 718 594 771 διακοσμήσεως.
655 721 768 758 Hanc
789 725 918 758 tamen
945 719 1153 758 lectionem
1174 719 1331 758 dubiam
1360 719 1508 757 faciunt
1526 719 1681 768 Harpo-

226 780 376 820 cration
397 787 436 818 et
451 780 589 818 Suidas
608 794 643 819 v.
664 781 851 833 Διάθεσις,
870 781 974 832 apud
992 794 1092 832 quos
1111 781 1247 820 eadem
1263 781 1393 831 glossa
1407 780 1609 831 reperitur,
1626 779 1682 817 le-

226 848 359 894 gentes
387 843 428 880 ἐν
447 846 496 895 τῷ
523 842 673 896 δευτέρῳ
695 850 760 888 τῆς
787 843 1008 890 Ἀληθείας.
1063 843 1231 881 Videtur
1253 843 1371 894 igitur
1399 855 1496 893 opus
1516 843 1555 880 in
1584 841 1684 879 duos

227 910 380 944 tantum
395 904 513 942 libros
530 904 690 943 divisum
705 905 839 943 fuisse.
874 905 946 942 Vir
959 903 1184 955 praeclarus,
1199 905 1366 943 Ioannes
1381 904 1550 950 Alberti,
1571 902 1685 953 cujus

227 973 350 1005 morte
366 966 522 1005 Graecae
542 966 664 1004 literae
679 966 814 1017 ingens
831 965 1012 1004 damnum
1029 964 1221 1012 fecerunt,
1243 965 1349 1004 hunc
1365 965 1618 1016 Antiphontis
1637 965 1684 1002 li-

228 1028 341 1066 brum
361 1027 509 1065 laudari
528 1027 695 1078 putabat
716 1027 767 1065 ab
792 1026 991 1078 Hesychio
1018 1027 1057 1064 in
1085 1026 1158 1065 hac
1179 1027 1332 1078 glossa:
1362 1026 1395 1065 Γ
1395 1025 1488 1074 λαῦξ
1505 1026 1546 1065 ἐν
1564 1028 1684 1064 πόλει.

227 1088 427 1142 παροιμία.
448 1095 531 1133 ταῖς
558 1088 757 1136 ἀληθείαις
784 1090 953 1127 ἀνέκειτο
981 1090 1057 1140 γὰρ
1078 1088 1148 1126 ὑπὸ
1174 1087 1318 1127 Φειδίου
1337 1089 1380 1127 ἐν
1407 1091 1453 1144 τῇ
1476 1090 1687 1140 ἀκροπόλει.

229 1152 343 1202 cujus
373 1152 597 1203 opinionem
627 1164 704 1189 non
735 1164 888 1202 sequar.
945 1151 1047 1189 Nam
1076 1151 1243 1202 primum
1272 1149 1337 1189 hic
1366 1149 1465 1188 liber
1492 1161 1684 1201 nusquam

228 1221 391 1254 vocatur
409 1214 449 1252 αἶ
465 1215 674 1261 Ἀληθεῖαι,
693 1214 840 1265 ubique
860 1215 880 1252 ὁ
899 1215 980 1264 περὶ
994 1211 1217 1260 Ἀληθείας,
1236 1212 1295 1251 vel
1308 1213 1327 1250 ὁ
1346 1210 1565 1259 Ἀληθείας,
1585 1211 1688 1250 sicut

227 1277 311 1328 ipse
331 1274 554 1327 Hesychius
570 1275 663 1313 alibi
680 1275 836 1316 laudat:
856 1274 1008 1323 ”Αβιος.
1028 1274 1222 1320 πλούσιος,
1243 1277 1292 1318 ὡς
1311 1275 1496 1325 Ἀντιφῶν
1511 1273 1552 1312 ἐν
1569 1275 1686 1319 Ἀλη-

229 1338 332 1382 θείας
351 1338 390 1376 ίι.
446 1336 602 1375 Deinde
621 1342 704 1380 ταῖς
723 1336 920 1383 ἀληθείαις
941 1338 1097 1373 omnino
1117 1335 1351 1385 capiendum
1367 1346 1440 1385 pro
1459 1347 1500 1372 re
1519 1346 1622 1385 vera,
1642 1339 1688 1372 ut

229 1401 329 1438 bene
350 1398 456 1450 cepit
473 1398 679 1436 Kusterus.
737 1397 923 1435 Similiter
943 1396 1183 1435 Scholiastes
1201 1395 1476 1446 Aristophanis
1494 1395 1545 1434 ad
1564 1395 1686 1446 Vesp.

227 1475 265 1503 v,
285 1465 404 1501 1081.
459 1460 613 1499 Γλαῦκα
633 1460 683 1507 δὲ,
705 1463 773 1506 τὴν
789 1458 977 1505 Ἀθηνᾶν.
996 1459 1090 1512 φασὶ
1119 1457 1171 1503 δὲ,
1193 1460 1286 1495 κατὰ
1312 1457 1353 1495 τὸ
1373 1456 1518 1504 ἀληθὲς
1539 1460 1688 1506 γλαῦκα

229 1521 476 1569 διαπτᾶσθαι,
496 1525 564 1568 τὴν
583 1525 688 1570 νίκην
706 1527 786 1565 τοῖς
806 1522 1022 1568 Ἀθηναίοις
1044 1522 1383 1569 «ἐπαγγέλλουσαν.
1438 1519 1575 1557 Tradit
1594 1519 1687 1558 Ori-

229 1598 347 1637 genes
374 1584 462 1623 adv.
489 1583 645 1622 Celsum
666 1583 736 1622 IV.
758 1596 797 1634 p.
818 1585 911 1623 176.
950 1581 1236 1633 Antiphontem
1262 1581 1337 1619 hoc
1362 1579 1463 1619 libro
1475 1580 1688 1632 providen-

229 1648 325 1685 tiam
339 1644 540 1684 sustulisse
552 1659 565 1683 .·
589 1644 660 1694 κᾷν
677 1646 877 1698 Ἀντιφῶν,
893 1646 1013 1687 ἄλλος
1031 1645 1151 1695 ῥήτωρ
1170 1644 1404 1695 νομιζόμενος
1417 1640 1526 1691 εἶναι,
1544 1644 1604 1680 καὶ
1620 1646 1689 1690 τὴν

229 1711 408 1760 πρόνοιαν
429 1709 595 1758 ἀναίρων
621 1707 662 1745 ἐν
686 1712 763 1749 τοῖς
789 1707 1129 1758 ἐπι-γεγραμμένοις
1148 1707 1232 1756 περὶ
1251 1703 1464 1751 Ἀληθείας
1484 1707 1687 1755 παραπλη-

231 1774 322 1813 σίως
347 1773 391 1825 τῇ
419 1770 569 1807 Κέλσου
598 1769 797 1823 ἐπιγραφῇ.
854 1768 917 1805 Ad
947 1766 1047 1805 hanc
1080 1767 1166 1817 ejus
1192 1765 1412 1804 doctrinam
1441 1764 1687 1804 referendum

228 1831 382 1869 videtur
399 1829 669 1881 fragmentum,
686 1829 793 1880 quod
808 1835 935 1867 exstat
956 1827 1062 1879 apud
1083 1828 1243 1866 Suidam
1259 1840 1269 1865 z
1288 1827 1476 1874 Ἀδέητος.
1492 1828 1511 1865 ὃ
1530 1827 1688 1879 μηδενὸς

229 1892 413 1943 δεόμενος,
433 1893 491 1928 καὶ
512 1892 636 1929 πάντα
656 1890 767 1942 ἔχων.
795 1891 983 1941 Ἀντιφῶν
1001 1890 1042 1927 ἐν
1061 1889 1086 1926 ά
1103 1887 1326 1935 Ἀληθείας·
1350 1888 1423 1926 Am*
1450 1893 1556 1927 τοῦτο
1586 1889 1689 1928 οὔδε-

230 1953 297 1996 νός
313 1953 441 2000 δεῖται,
461 1953 542 1990 οὔτε
562 1952 804 2003 προσδέχεται
823 1952 969 1994 οὺέενός
992 1968 1040 1997 τι,
1061 1953 1147 1989 ἀλλ’
1169 1952 1331 2002 ἄπειρος,
1352 1952 1411 1989 καὶ
1430 1950 1594 1998 α’ἕέητος.
1620 1952 1689 1990 ubi

231 2027 303 2066 pro
323 2017 472 2066 ἄπειρος
486 2013 587 2053 forte
603 2013 886 2051 emendandum
902 2012 1065 2064 εὔπορος,
1085 2013 1256 2062 quamvis
1272 2012 1425 2062 vulgata
1440 2012 1557 2051 lectio
1571 2014 1690 2052 etiam

231 2075 417 2127 explicari
435 2075 570 2126 possit.
627 2076 726 2113 Haec
743 2082 873 2113 autem
901 2075 994 2125 quin
1016 2074 1222 2125 Antiphon
1242 2073 1288 2112 de
1311 2074 1400 2113 Deo
1421 2074 1575 2122 dixerit,
1594 2074 1691 2114 nihil

231 2144 304 2184 est,
334 2137 438 2189 quod
469 2136 705 2175 dubitemus.
768 2136 889 2175 Vides
923 2137 1052 2186 igitur,
1087 2136 1301 2186 Epicurum
1335 2136 1435 2174 hano
1462 2136 1688 2187 pestiferam

232 2199 448 2238 doctrinam
463 2211 539 2236 non
552 2211 623 2249 per
635 2212 675 2236 se
690 2198 893 2245 invenisse,
908 2198 976 2236 sed
991 2197 1138 2236 dudum
1153 2198 1203 2235 ab
1219 2197 1463 2248 Antiphome
1481 2199 1688 2248 inventam,

232 2261 272 2298 in
302 2259 583 2311 philosophism
616 2272 722 2298 suam
747 2260 999 2298 transtulisse.
1055 2259 1148 2297 vid.
1176 2259 1345 2309 Diogen.
1377 2260 1506 2298 Laert.
1527 2259 1578 2298 X.
1597 2265 1690 2300 139.

234 2330 275 2365 et
302 2322 358 2360 ibi
385 2321 624 2371 Menagium.
663 2321 825 2372 Epicuri
851 2321 1079 2360 senteutiam
1100 2319 1391 2372 elegantissimis
1420 2321 1596 2360 versibus
1622 2335 1689 2361 ex-

233 2386 357 2437 plicat
376 2382 579 2422 Lucretius
599 2382 653 2420 II.
674 2386 901 2422 645—650.

395 2476 405 2492 ‘
422 2469 561 2509 Omnis
580 2469 680 2507 enim
701 2478 772 2520 per
793 2483 831 2508 se
852 2469 997 2508 Divum
1019 2476 1154 2508 natura
1175 2482 1333 2508 necesse
1353 2474 1412 2508 est

395 2531 609 2570 Immortali
628 2544 711 2570 aevo
730 2544 878 2569 summa
897 2545 984 2570 cum
1004 2545 1101 2583 pace
1120 2532 1283 2578 fruatur,

397 2594 555 2632 Semota
572 2606 596 2632 a
614 2593 753 2632 nostris
774 2594 902 2638 rebus,
923 2593 1179 2644 sejunctaque
1199 2594 1326 2644 longe.

394 2655 495 2693 Nam
515 2655 665 2706 privata
684 2654 818 2692 dolore
839 2655 957 2706 omni,
978 2656 1130 2705 privata
1150 2654 1319 2706 periclis,

396 2717 488 2768 Ipsa
510 2716 587 2755 suis
607 2716 758 2767 pollens
778 2716 932 2767 opibus,
954 2716 1050 2754 nihil
1069 2716 1200 2767 indiga
1218 2717 1352 2764 nostri,

394 2777 478 2816 Nec
501 2777 598 2815 bene
621 2776 838 2828 promeritis
859 2777 1025 2828 capitur,
1047 2790 1118 2815 nec
1140 2778 1309 2828 tangitur
1328 2778 1409 2817 ira.²

240 2874 349 2911 Hauc
375 2873 699 2919 observationem,
720 2886 742 2912 a
760 2873 898 2911 Celeb.
921 2872 1155 2911 Ruhnkenio
1176 2887 1327 2913 mecum
1351 2875 1690 2922 communicatam,

239 2934 346 2973 nefas
369 2934 504 2973 fuisset
527 2935 718 2974 omittere.
775 2935 1014 2986 Fragmentis
1035 2935 1120 2974 libri
1143 2938 1223 2985 περὶ
1242 2937 1459 2985 Ἀληθείας,
1479 2950 1567 2989 quae
1587 2938 1690 2988 apud
