1818 3189
172 176 221 216 iv
575 167 892 211 PRAEFATIO
926 166 1236 209 EDITORIS.

173 282 300 336 tione
336 284 592 333 Reiskiana
626 299 823 345 sparsaS,
870 282 984 329 alias
1027 298 1084 329 ex
1120 281 1224 328 aliis
1263 295 1408 326 nexas
1444 278 1641 343 colliga-

175 369 371 433 tasque,
394 370 441 414 in
479 384 573 414 una
611 367 962 413 continuatione
999 383 1054 412 ac
1093 366 1211 412 serie
1248 364 1405 410 subter
1439 361 1642 409 Textum

176 451 497 514 apposuimus.
569 447 761 494 Sluiteri
792 455 1022 510 praeterea
1056 445 1304 493 Lectiones
1339 444 1643 491 Andocideas

174 533 382 579 lucratus
429 538 501 577 est
546 529 839 588 AndocideS,
881 530 1051 593 partim
1094 528 1383 592 praefationis
1427 528 1477 573 in
1521 526 1641 583 loco,

175 614 346 676 partim
383 613 505 660 notis
543 612 762 676 ingestas.
834 601 1085 659 Accedunt
1125 610 1395 658 Marklandi
1433 608 1641 667 Notulae,

178 711 203 740 e
237 695 450 758 margine
481 681 726 760 exscriptae
761 694 1039 758 exemplaris
1072 695 1290 742 editionis
1324 692 1641 757 Stephanicae‚

176 777 305 839 quod
328 777 472 824 hodie
496 778 545 823 in
571 777 742 824 Museo
769 776 1042 824 Britannico
1067 784 1375 824 conservatur.

244 859 319 906 De
343 859 484 923 Lysia
515 867 561 906 et
589 859 796 906 Isocrate
827 860 938 907 vide
964 860 1025 907 sis
1055 857 1445 906 Praefatiunculas
1469 857 1530 904 ad
1551 856 1644 903 To-

132 935 134 937 *
177 957 306 989 mum
329 941 589 989 secundum
611 944 911 1004 tertiumque.
965 941 1060 988 Hic
1089 949 1244 987 tamen
1269 940 1544 997 monuerim,
1569 955 1645 985 me

177 1025 225 1069 in
238 1023 381 1086 Lysia
399 1023 577 1071 codicis
595 1022 896 1070 Laurentiani
920 1023 1120 1069 nimium
1137 1021 1295 1068 forsan
1321 1022 1644 1069 observantem

179 1106 324 1154 fuisse
343 1123 352 1153 ε
391 1107 469 1152 cui
491 1114 648 1152 tamen
671 1104 791 1151 illud
810 1104 966 1161 unice,
985 1104 1051 1151 mi
1075 1103 1256 1161 Lector,
1277 1103 1326 1149 in
1349 1104 1505 1150 animo
1531 1110 1643 1160 erat,

175 1196 413 1235 auctorem
453 1185 705 1250 singularis
753 1187 1009 1248 eximiique
1057 1185 1254 1249 ingenii,
1298 1184 1644 1231 claudicantem

173 1268 386 1317 luctuose
410 1286 465 1316 ac
488 1268 739 1324 labantem,
770 1276 997 1332 quantum
1017 1283 1223 1330 possem,
1245 1266 1506 1324 sublevare,
1527 1267 1642 1313 dum

176 1350 521 1399 medicamenta
552 1350 743 1398 meliora
776 1351 1116 1399 desiderabam.
1186 1350 1333 1398 Porro
1364 1351 1412 1396 in
1437 1349 1643 1397 Isocrate

177 1441 333 1481 nostro
357 1434 450 1480 vim
483 1451 538 1480 ac
563 1434 834 1481 varietatem
863 1434 1044 1481 codicis
1071 1432 1313 1481 Urbinatis
1344 1433 1642 1496 potissimum

177 1514 454 1562 subsecutus
470 1531 586 1571 sum,
609 1521 771 1578 utpote
790 1515 873 1577 qui
897 1514 1057 1562 sordes
1081 1514 1362 1577 cloacasque
1384 1513 1642 1561 Isocrateas

174 1596 354 1657 optime
377 1594 628 1658 purgabat.
676 1646 683 1655 ,

243 1677 298 1724 In
326 1676 447 1724 Isaeo
484 1676 760 1738 caeterisque
792 1673 1072 1722 Oratoribus
1102 1674 1378 1733 minoribus,
1402 1692 1499 1721 una
1533 1691 1643 1723 cum

176 1758 428 1822 Sophistis,
463 1773 582 1822 quos
620 1757 689 1804 sic
726 1765 908 1814 vocant,
948 1756 1113 1805 eadem
1153 1774 1182 1805 a
1210 1774 1283 1805 me
1315 1757 1394 1804 via
1425 1758 1643 1820 ratioque

175 1848 372 1898 tenetur,
398 1856 506 1904 quae
544 1840 594 1886 in
612 1837 907 1902 Antiphonte
940 1847 988 1886 et
1010 1837 1275 1887 Andocide.
1365 1837 1642 1887 Notandum

176 1931 348 1981 tamen,
375 1921 636 1980 Reiskium,
657 1921 707 1968 in
726 1923 848 1969 notis
884 1922 945 1969 ad
970 1921 1157 1980 Isaeum,
1188 1921 1236 1968 T
1226 1921 1418 1987 opham‘s
1439 1920 1569 1968 Book
1593 1929 1644 1968 at

179 2004 339 2052 Eaton
376 2004 701 2062 excudentem,
739 2004 930 2069 Taylori
955 2021 1146 2052 manum
1181 2021 1278 2052 non
1311 2004 1537 2067 attigisse,
1559 2005 1644 2068 qui

178 2084 228 2130 in
275 2083 482 2141 schediS,
524 2092 577 2131 ut
621 2091 755 2131 notat
795 2085 1011 2133 Ionesius
1052 2086 1097 2132 in
1136 2085 1524 2148 Interpretatione
1557 2102 1644 2132 sua

176 2167 460 2231 Anglicana,
472 2168 663 2231 reliquit
676 2168 923 2232 Toplzam's
934 2169 1064 2217 Boolr
1079 2176 1128 2215 at
1138 2168 1294 2215 Eaton
1304 2187 1322 2225 ,·
1341 2169 1469 2231 quod
1484 2186 1645 2217 revera

180 2249 418 2313 exemplar
441 2250 662 2296 editionis
686 2249 876 2299 Aldinae
901 2260 983 2308 est,
1009 2251 1184 2300 notulis
1207 2251 1548 2316 marginalibus
1572 2253 1643 2299 in-

180 2332 419 2394 signitum.

246 2413 321 2459 De
347 2413 663 2462 Demosthene
684 2424 729 2462 et
742 2414 967 2463 AEschine
989 2415 1280 2463 consulenda
1299 2414 1520 2462 Praefatio
1538 2430 1646 2462 mea

180 2495 241 2542 ad
262 2494 640 2544 Demosthenem.
713 2498 882 2561 Neque
908 2498 1025 2545 illud
1051 2515 1143 2545 non
1168 2497 1450 2553 memineris,
1470 2497 1519 2543 in
1533 2495 1646 2543 Vita

183 2577 532 2637 Demosthenis,
570 2597 712 2644 quam
748 2566 945 2643 scripsit·
969 2579 1268 2636 Plutarchus,
1306 2578 1441 2627 litera
1472 2577 1547 2636 Β.,
1584 2577 1645 2625 ad

183 2659 298 2706 fines
343 2665 556 2710 notarum
613 2661 917 2725 plurimarum
970 2662 1200 2726 apposita,
1256 2661 1516 2709 Bartonum
1561 2660 1645 2708 de-

185 2743 376 2803 signari.

254 2821 581 2886 Interpretatio
616 2824 783 2872 Latina
816 2825 1092 2873 Orationum
1132 2823 1452 2889 Antiphontis,
1485 2824 1647 2872 Ando-

187 2905 319 2964 cidis,
340 2907 508 2971 Lysiae,
530 2919 575 2957 ct
595 2911 702 2958 Isaei
720 2910 900 2960 Reiskii
927 2918 1009 2968 cst,
1025 2910 1242 2958 Isocratis
1259 2909 1448 2958 Hieron.
1469 2906 1648 2967 Wolfii,
