1818 3189
213 157 316 198 xviii
578 154 930 199 RUHNKENII
964 155 1115 197 HIST.
1151 154 1305 197 CRIT.

212 268 272 305 καὶ
290 268 498 307 ἀποδοῦναι
519 272 582 307 οὒκ
597 272 716 317 ἤθελε,
736 267 966 320 βουλόμενος
987 272 1030 323 τῇ
1051 270 1230 319 ὑστεραίᾳ
1248 268 1423 317 πρότερος
1442 272 1505 310 τῆς
1525 266 1667 306 πόλεως

211 329 429 379 χρήσασθαι
463 336 539 372 τοῖς
563 335 718 380 χρυσοῖς
746 329 954 382 χερνιβίοις
980 333 1038 367 καὶ
1072 329 1338 379 θυμιατηρίοις.
1396 326 1511 363 Hunc
1542 326 1666 374 ipsum

212 389 339 429 locum
361 391 491 428 laudat
505 392 639 428 Moeris
658 391 842 429 Atticista
858 404 896 441 p.
916 396 1010 431 332.
1047 391 1237 442 Πομπεῖα,
1255 390 1446 432 Ἀττικῶς,
1463 388 1511 424 ret*
1531 385 1668 436 θυμία·

212 455 317 503 Τῆριίι
337 457 394 491 καὶ
413 458 481 497 τάς
499 453 698 506 χέρνιβας,
717 458 765 498 ὡς
782 454 1012 502 Ἀνδοκίδης.
1069 455 1273 506 Sequimur
1287 453 1385 490 enim
1400 451 1669 500 conjecturam

211 513 272 552 Cl.
295 516 565 554 Valckeuaerii
585 516 690 567 apud
716 518 886 555 Piersou.
917 529 995 566 qua
1029 529 1099 566 pro
1133 517 1292 566 vulgato
1321 512 1543 559 Θουκυδίδης
1576 511 1670 561 legit

209 573 437 623 Ἀνδοκίδης.
474 578 687 617 Athenaeus
708 578 824 616 etiam
846 579 918 616 lx.
941 591 980 628 p.
1001 581 1092 616 408.
1114 578 1164 615 D.
1184 576 1345 615 eundem
1369 576 1495 613 locum
1516 573 1668 611 laudat:

210 630 367 675 Ἀττικοὶ
394 638 433 675 δὲ
460 638 655 690 χερνίβιον
683 642 874 688 λέγουσιν,
904 642 953 682 ὡς
978 639 1133 682 Λυσίας
1161 639 1200 676 ἐν
1221 640 1269 689 τῷ
1293 640 1387 674 κατ-(ἱ
1412 634 1666 683 Ἀλκιβιάδου·

211 703 286 742 Τοῖς
315 706 471 752 χρυσοῖς
502 701 724 753 χερνιβίοις,
759 703 818 739 καὶ
842 704 1111 752 θυμιατηρίοις.
1170 699 1270 743 Quae
1305 711 1352 735 ex
1384 710 1431 734 eo
1462 695 1670 746 descripsit

210 759 392 800 Eustath.
407 762 454 800 ad
479 763 558 801 Od.
580 765 631 801 A.
652 776 692 813 p.
714 766 778 801 33.
837 763 915 800 Sed
937 762 1151 800 Athenaeus
1171 759 1366 798 memoriae
1387 758 1498 809 lapsu
1517 757 1670 808 Lysiam

210 820 386 861 laudavit
410 835 480 873 pro
500 824 720 870 Andocide‚
749 823 848 862 bene
875 823 914 861 id
941 823 1170 860 observante
1193 820 1377 871 Tayloro.
1431 820 1516 857 Jam
1538 818 1669 856 videat

210 881 303 919 mihi
329 883 482 934 aliquis,
506 897 622 935 quam
649 898 726 924 non
752 885 871 923 verba
891 890 1041 922 tantum
1062 883 1210 921 diversa
1231 883 1306 920 sint
1332 882 1369 919 in
1391 881 1547 919 duobus
1569 879 1667 918 loeis

209 942 348 991 allatis,
366 945 431 983 sed
454 946 567 984 etiam
591 958 741 984 sensus.
803 946 844 983 [n
861 945 983 983 altero
999 957 1088 982 vasa
1109 956 1218 982 sacra
1238 943 1285 980 ad
1311 956 1402 981 usus
1421 942 1609 992 privatos,
1629 941 1667 978 in

209 1003 332 1041 altero
349 1006 396 1043 ad
413 1019 596 1057 pompam
614 1006 651 1043 in
667 1005 925 1044 sollemnitate
946 1004 1154 1056 Olympica
1175 1003 1350 1042 adhibita
1366 1016 1449 1041 esse.
1468 1002 1665 1040 dicuntur.

210 1063 404 1117 Denique‚
438 1068 504 1118 qui
537 1067 833 1105 familiaritatem
866 1067 1031 1117 aliquam
1059 1079 1147 1103 cum
1181 1064 1384 1103 Andocide
1417 1063 1670 1108 contraxerit,

113 1121 190 1156 139
207 1127 347 1165 sentiet
364 1128 556 1178 profecto,
572 1129 735 1167 eandem
756 1131 792 1167 in
807 1130 879 1168 hac
895 1136 1031 1167 contra
1049 1128 1312 1172 Alcibiadem,
1330 1140 1444 1177 quam
1460 1128 1497 1164 in
1515 1126 1667 1164 caeteris

207 1187 425 1227 Andocidis
445 1191 700 1237 orationibus,
721 1190 879 1228 dicendi
900 1190 1065 1228 formam
1087 1203 1185 1236 esse,
1207 1189 1368 1227 eandem
1393 1189 1467 1226 vim
1487 1195 1525 1225 et
1544 1187 1668 1238 gravi-

207 1254 341 1290 tatem.
398 1252 455 1289 Ex
490 1253 549 1291 his
577 1253 692 1304 igitur
719 1253 897 1291 omnibus
925 1253 1129 1298 efficimus,
1161 1253 1387 1298 orationem,
1415 1264 1532 1301 quam
1562 1264 1668 1301 saepe

206 1311 389 1363 diximus5
408 1315 559 1353 auctori
576 1328 660 1361 suo,
682 1314 878 1353 Andocidi
901 1315 1195 1364 relinquendam
1210 1328 1308 1361 esse,
1329 1327 1400 1352 nec
1423 1313 1579 1351 Phaeaci
1600 1313 1668 1351 tri-

206 1371 416 1421 buendam,
448 1376 661 1425 praesertim
690 1388 778 1413 cum
810 1377 925 1414 etiam
955 1376 1244 1428 Harpocration
1275 1389 1309 1412 v.
1339 1374 1533 1426 Ἐμποδὼν
1558 1381 1598 1412 et
1631 1387 1666 1412 v.

205 1433 401 1482 Εὐανδρία,
430 1441 470 1474 et
498 1436 658 1474 Photius
682 1437 720 1474 in
750 1436 848 1475 Bibl.
875 1450 922 1475 ne
949 1437 1042 1488 quid
1070 1437 1119 1474 de
1148 1436 1314 1474 Moeride
1333 1436 1476 1482 dicam,
1505 1449 1602 1483 eam,
1625 1441 1668 1473 ut

204 1493 438 1546 Andocidis‚
454 1496 627 1536 laudent.
683 1498 773 1536 Huc
793 1498 947 1536 accedit
968 1511 1180 1536 consensus
1194 1498 1262 1535 viri
1283 1497 1607 1547 praestantissimi,
1629 1502 1668 1535 et

204 1555 365 1606 collegae
394 1556 717 1606 conjunctissimi,
753 1560 797 1597 L.
814 1558 1097 1606 Valckenaerii,
1117 1559 1186 1609 qui
1208 1559 1466 1610 Taylorianas
1497 1559 1671 1597 rationes

203 1615 353 1663 iisdem,
376 1618 517 1667 quibus
537 1632 622 1665 n05,
642 1620 879 1670 argumentis
898 1620 937 1657 in
958 1620 1201 1658 Adversariis
1223 1620 1302 1659 suis
1323 1626 1583 1671 oppugnarat.

257 1677 351 1716 XII.
391 1679 658 1726 AUTocLEs,
691 1680 1009 1726 Strombichidae,
1040 1681 1141 1730 ejus,
1173 1680 1241 1730 qui
1273 1694 1295 1718 a
1327 1681 1461 1718 XXX.
1493 1681 1668 1731 tyrannis

206 1737 435 1777 interfectus
464 1745 535 1786 est,
555 1740 670 1786 filius,
693 1741 924 1790 legationem
953 1742 1049 1780 obiit
1069 1742 1119 1780 ad
1139 1741 1475 1780 Lacedaemonios.
1533 1742 1666 1780 Xeno-

204 1798 311 1848 phon
332 1800 484 1838 Hellen.
505 1801 575 1838 Vl.
596 1813 635 1852 p.
656 1806 746 1840 590.
769 1803 813 1840 B.
831 1805 924 1841 591.
944 1803 987 1840 B.
1004 1803 1071 1840 ubi
1090 1802 1232 1841 dicitur
1247 1803 1357 1854 μάλα
1378 1802 1494 1841 δοκῶν
1506 1803 1669 1854 ἐπιστρε-

206 1862 276 1911 φὴς
301 1859 396 1899 strat
421 1863 551 1912 ῥήτωρ,
573 1863 610 1900 h.
639 1876 672 1900 e.
702 1868 835 1901 orator
859 1864 1158 1911 sollertissimus,
1185 1878 1276 1912 non,
1297 1871 1338 1903 ut
1358 1865 1556 1903 Victorius
1577 1866 1666 1904 Ind.

205 1921 243 1959 in
259 1922 458 1961 Aristotel.
476 1924 637 1962 Rhetor.
654 1925 838 1974 explicat,
854 1930 990 1981 orator
1005 1925 1113 1964 valde
1128 1927 1269 1964 suavis.
1309 1926 1539 1964 Damascius
1558 1928 1666 1977 apud

205 1982 320 2021 Phot.
342 1997 380 2034 p.
404 1988 518 2023 1031.
539 1987 726 2036 ἀγχίνους
746 1986 782 2024 δὲ
802 1989 852 2024 ὢν
872 1989 932 2024 καὶ
952 1988 1188 2039 ἐπιστρεφὴς.
1245 1988 1341 2036 Ejtts
1363 1987 1576 2026 orationem
1595 1987 1665 2026 ad-

206 2058 336 2083 versus
361 2046 649 2085 Mixidemidem
671 2047 803 2085 laudat
825 2047 1054 2086 Aristoteles
1075 2049 1234 2086 Rhetor.
1258 2049 1312 2086 ΙΙ.
1335 2061 1376 2099 p.
1396 2052 1488 2087 488.

258 2106 378 2145 ΧΙΙΙ.
415 2107 728 2146 ΙΡΗΙΟΒΑΤΕε.
762 2109 875 2148 Hunc
909 2111 1191 2149 Demosthenes
1225 2111 1315 2149 adv.
1341 2111 1512 2149 Timoth.
1548 2114 1579 2159 ξ.
1615 2112 1664 2160 γ’.

203 2227 292 2265 stini
312 2229 383 2266 VI.
404 2234 442 2267 5.
468 2230 549 2268 “in
570 2243 648 2281 quo
677 2245 754 2270 non
783 2232 1045 2283 imperatoriae
1075 2240 1241 2280 tantum,
1261 2246 1391 2271 verum
1417 2239 1456 2272 et
1483 2234 1665 2272 oratoriae

203 2296 305 2328 artes
326 2290 470 2330 fuere.'’
527 2292 623 2341 Ejus
643 2294 852 2339 orationes,
874 2295 1009 2344 plenas
1029 2295 1201 2332 militaris
1222 2295 1396 2345 spiritus,
1414 2295 1666 2333 vehementer

203 2350 337 2390 laudat
373 2352 564 2391 Aristides
615 2356 696 2404 περὶ
745 2355 992 2407 παραφὲἑγμ.
1042 2369 1081 2406 p.
1120 2360 1211 2394 385.
1283 2356 1416 2394 Minus
1459 2355 1663 2406 magnifice

202 2412 251 2451 de
284 2413 370 2463 ejus
402 2414 438 2452 in
460 2413 628 2452 dicendo
667 2415 853 2454 facultate
879 2417 1050 2456 sentiunt
1078 2418 1286 2469 Dionysius
1320 2418 1447 2456 Halic.
1477 2418 1516 2456 in
1552 2418 1664 2469 Lysia

201 2487 241 2525 p.
264 2478 329 2514 85.
362 2481 400 2513 et
425 2475 621 2514 Plutarch.
650 2477 766 2516 Polit.
795 2491 911 2528 praec.
940 2492 980 2529 p.
1000 2483 1091 2518 813.
1114 2481 1162 2517 A.
1209 2479 1287 2518 Sed
1314 2479 1376 2517 cui
1405 2479 1548 2517 rectius
1585 2492 1666 2518 cre-

201 2537 352 2583 damus,
377 2550 491 2586 quam
524 2538 598 2588 ipsi
623 2539 826 2589 Iphicrati,
864 2541 929 2591 qui
967 2541 1071 2591 apud
1112 2540 1364 2578 Plutarchum
1398 2541 1422 2577 1.
1445 2554 1479 2579 c.
1512 2552 1549 2590 p.
1571 2544 1664 2579 801.

203 2598 246 2636 F.
269 2612 309 2636 se
339 2599 389 2636 ab
416 2599 696 2649 Aristophonte
725 2601 947 2651 eloquentia
964 2601 1065 2639 vinci
1093 2601 1246 2640 fatetur.
1309 2602 1365 2641 Ex
1389 2601 1564 2640 oratione
1582 2603 1665 2654 περὶ

201 2660 400 2709 προδοσίας
428 2661 614 2700 adversus
635 2663 952 2717 Aristophontem
976 2663 1231 2711 fragmentum
1262 2669 1320 2700 est
1347 2663 1451 2713 apud
1481 2662 1662 2706 Quincti-

201 2719 292 2759 lian.
314 2722 385 2760 lV.
417 2726 481 2761 12.
510 2735 549 2773 p.
577 2727 641 2761 12.
675 2737 714 2774 p.
751 2728 842 2762 243.
875 2728 897 2747 “
916 2725 989 2762 Cui
1016 2725 1141 2762 simile
1172 2724 1357 2774 quiddam
1387 2724 1524 2762 fecisse
1554 2723 1663 2775 Iphi-

105 2788 182 2823 140
201 2787 324 2820 crates
345 2783 503 2831 dicitur,
523 2785 589 2835 qui
610 2798 697 2823 cum
721 2786 1061 2837 Aristophontem,
1085 2798 1163 2836 quo
1194 2792 1402 2824 accusante
1428 2785 1565 2823 similis
1591 2784 1665 2823 cri·

200 2842 311 2880 minis
341 2857 428 2882 reus
455 2852 551 2894 erat,
572 2847 858 2898 interrogasset,
878 2862 924 2886 an
953 2849 982 2886 is
1009 2855 1171 2899 accepta
1191 2848 1358 2899 pecunia
1377 2847 1660 2899 rempublicam

198 2903 421 2953 proditurus
451 2909 586 2947 esset?
615 2908 723 2960 isque
747 2909 785 2948 id
807 2916 1010 2961 negassem
1056 2909 1175 2953 Quod
1197 2909 1323 2960 igitur,
1346 2909 1489 2960 inquit,
1510 2915 1551 2947 tu
1581 2921 1658 2947 non

196 2964 366 3012 fecisses,
389 2980 462 3018 ego
483 2968 610 3007 sccit'·
667 2970 790 3020 Cujus
812 2971 907 3010 dicti
928 2972 1001 3011 vim
1029 2977 1067 3010 et
1093 2971 1340 3011 acrimoniam
1368 2969 1657 3018 Quinctilianus
