1818 3189
275 219 358 261 212
753 221 786 262 I.
817 221 943 263 OTT.
976 221 1250 265 SLUITERI

274 324 459 376 Thucyd.
481 325 506 362 l.
527 328 581 375 c.)
609 337 791 377 maguum
825 329 1068 368 commodum
1101 336 1182 368 tota
1202 330 1381 380 percepit
1413 331 1563 370 civitas.
1621 335 1723 372 Hinc

276 394 464 436 quantum
494 386 612 425 distet
632 387 1003 429 Pseudo-Plutarchi
1025 392 1205 438 narratio,
1226 391 1390 443 patebit,
1417 393 1448 431 si
1476 395 1563 444 quis
1581 394 1722 441 locum,

275 459 388 494 quem
409 453 499 485 ante
519 447 807 499 descripsimus,
827 463 914 489 cum
936 453 997 490 his
1016 453 1234 491 contulerit.

754 699 932 737 CAPUT
961 700 1249 744 QUARTUM.

271 791 448 823 Andocides
469 793 595 824 decreto
620 794 791 834 prohibitus
814 799 863 825 est
885 805 903 824 a
925 795 992 825 foro
1015 799 1046 824 et
1069 795 1182 825 sacris:
1207 805 1265 825 non
1281 795 1426 825 devotus.
1473 796 1610 835 Peregre
1637 797 1723 828 abiit.

314 835 411 874 Cypri
436 836 561 875 regibus
583 837 715 876 primum
739 838 901 878 gratiosus,
927 838 1039 868 deinde
1065 838 1193 868 invisus.
1239 838 1385 868 Aristidis
1410 838 1482 868 filia.
1534 841 1722 870 Emendatur

313 878 502 910 Andocides.
554 881 732 920 Oligarchia
758 881 899 911 Athenis.
949 880 1141 911 Andocidem
1169 880 1271 910 redire
1302 881 1476 920 cupientem
1507 893 1578 920 spes
1606 882 1725 913 fefellit.

314 923 488 952 Secundum
515 923 639 953 rediens
666 924 776 953 iterum
802 928 849 954 est
873 925 1035 963 expulsus.
1080 924 1234 962 Prytanes
1259 924 1372 963 saepius
1398 925 1547 964 corrupti.
1589 926 1725 956 Tandem

315 963 423 1005 ejectis
439 965 556 996 XXX.
572 966 719 1006 Tyrannis
734 967 827 997 rediit
839 967 1027 997 Andocides.
1074 968 1261 996 Emendatur
1278 967 1616 998 Pseudo-Plutarchus.

272 1128 357 1166 HIS
379 1134 570 1182 angustiis
604 1135 787 1175 liberatus
812 1120 1036 1177 Rndoeides
1056 1138 1161 1176 varia
1183 1138 1328 1177 deinde
1354 1150 1446 1177 usus
1472 1141 1530 1174 est
1554 1135 1723 1173 fortuna.

269 1192 337 1237 At,
359 1192 458 1232 sicut
477 1194 560 1246 ipsa
578 1196 732 1237 fortuna
751 1199 969 1238 Andocidis
989 1200 1093 1237 varia
1113 1199 1185 1238 fuit
1205 1206 1244 1237 et
1263 1202 1502 1244 inconstans,
1523 1197 1576 1235 sic
1594 1195 1724 1241 etiam,

269 1255 335 1302 qui
357 1255 405 1294 de
426 1270 473 1295 eo
492 1259 746 1309 scripserunt,
774 1261 868 1300 nihil
893 1262 1002 1308 certi,
1034 1274 1162 1312 neque
1188 1261 1392 1312 explorati,
1413 1273 1484 1297 nec
1510 1259 1616 1308 quod
1636 1270 1724 1296 cum

268 1316 352 1353 aliis
383 1327 584 1370 congruat,
605 1322 863 1361 tradiderunt.
920 1323 1172 1374 Quapropter
1197 1322 1237 1361 in
1268 1329 1373 1360 tanta
1403 1321 1634 1372 scriptorum
1665 1319 1724 1357 di-

266 1377 452 1418 versitate
473 1394 605 1420 verum
635 1396 711 1421 non
738 1384 791 1422 ita
812 1384 926 1422 facile
954 1384 1181 1435 investigare
1209 1384 1434 1435 poterimus,
1454 1382 1559 1433 quod
1582 1381 1647 1419 ubi
1667 1380 1725 1418 in-

265 1447 385 1478 ventu
406 1443 480 1481 erit
499 1443 669 1492 difficile,
686 1446 1003 1496 probabilitatem
1024 1452 1129 1484 certe
1145 1444 1470 1483 consectabimur.
1514 1442 1725 1480 Videamus

267 1499 387 1550 igitur
406 1504 500 1553 quid
529 1505 695 1556 quisque
724 1507 773 1545 de
799 1507 866 1545 illo
888 1507 1029 1546 tradat.
1087 1506 1224 1557 Lysias
1246 1520 1286 1556 p.
1307 1510 1398 1543 105.
1420 1519 1455 1542 v.
1475 1508 1539 1542 21.
1559 1504 1667 1542 Μετοὶ
1687 1503 1724 1542 δὲ

264 1569 396 1611 ταῦτα,
425 1567 546 1614 ἐπειδὴ
576 1571 785 1614 ἀπεκτονὼς
808 1569 868 1617 ἧν,
902 1570 965 1612 οὓς
991 1569 1103 1612 αὒτὸς
1131 1568 1198 1621 ἔφη
1226 1570 1306 1617 περὶ
1324 1568 1501 1606 πλείστου
1520 1565 1724 1611 ποιεῖσθαι,

265 1624 362 1674 ἔδοξε
391 1629 540 1675 τάληθῆ
577 1635 743 1681 μηνῦσαι
781 1633 842 1670 καὶ
881 1631 1004 1677 ἐλύθη·
1038 1631 1098 1667 καὶ
1127 1630 1454 1681 προσεψηφίσασθε
1482 1630 1587 1680 ὑμεῖς
1615 1628 1727 1667 αὐτὸν

266 1687 463 1738 εἴργεσθαι
482 1700 547 1736 τῆς
571 1693 715 1741 ἀγορᾶς
743 1694 804 1729 καὶ
830 1699 902 1730 τῶν
932 1693 1051 1743 ἱερῶν,
1071 1695 1162 1730 ὥστε
1187 1691 1268 1743 μηδ’
1287 1691 1525 1740 ἀδικούμενον
1545 1690 1613 1738 (ita
1634 1690 1726 1741 leg.)

265 1751 338 1789 ὑπὸ
358 1758 430 1790 τῶν
449 1753 593 1804 ἐχθρῶν
622 1753 807 1793 &bvsto-Sat
841 1754 943 1801 δίκην
974 1754 1125 1803 λαβεῖν.
1181 1756 1326 1793 Eadem
1348 1755 1426 1792 fere
1448 1754 1549 1792 idem
1570 1767 1610 1805 p.
1630 1759 1724 1792 104.

266 1824 302 1849 v.
323 1817 363 1852 5.
384 1826 424 1864 p.
444 1818 536 1854 107.
555 1828 591 1853 ν.
614 1818 678 1853 39.
702 1829 781 1866 quo
809 1816 898 1854 loco
926 1816 1051 1863 addit,
1070 1816 1189 1855 fuisse
1218 1830 1304 1855 eum
1325 1830 1348 1854 a
1368 1816 1632 1855 sacerdotibus
1653 1816 1724 1855 de-

265 1880 421 1912 votum:
450 1875 526 1913 Ka}
544 1876 605 1914 ἐπὶ
625 1877 766 1920 τούτοις
790 1878 917 1927 ἱερείαι
944 1879 1004 1915 καὶ
1032 1880 1138 1929 ἱερεῖς
1167 1879 1322 1922 στάντες
1347 1877 1605 1928 κατηράσαντο
1631 1877 1723 1927 πρὸς

265 1933 442 1987 ἑσπέραν,
464 1939 523 1974 καὶ
542 1937 744 1989 φοινικίδας
763 1940 964 1977 ἀνέσεισαν
983 1942 1074 1978 κατὰ
1092 1940 1132 1978 τὸ
1153 1942 1312 1991 νόμιμον
1331 1940 1372 1978 τὸ
1390 1939 1557 1977 παλαιὸν
1576 1940 1637 1976 καὶ
1656 1941 1724 1990 ἀρ-

266 2002 406 2048 χαῖοντ
436 1998 485 2036 de
513 2011 592 2049 quo
623 1999 700 2037 ritu
728 1999 808 2050 egit
834 2000 979 2051 Taylor
1006 2001 1055 2039 ad
1082 2001 1168 2040 (1.1.
1190 2007 1231 2039 et
1249 2001 1358 2039 Lect.
1379 2002 1470 2052 Lys.
1492 2015 1526 2038 c.
1548 2005 1585 2040 8.
1642 2002 1723 2040 Sed

267 2058 495 2098 Andocides
510 2060 559 2098 de
574 2060 718 2099 Reditu
733 2074 772 2112 p.
782 2066 848 2103 21.
863 2075 898 2101 v.
910 2066 949 2100 4.
962 2062 1011 2100 de
1024 2076 1063 2100 se
1079 2064 1134 2100 ait
1145 2062 1319 2111 :''E·vav
1333 2061 1482 2108 ἥδιστον
1494 2060 1591 2100 εἶναι
1604 2066 1728 2112 πράτ-.

267 2135 345 2158 τειν
373 2137 412 2159 τε
441 2127 594 2160 τοιαῦτα
623 2123 682 2160 καὶ
701 2122 916 2161 διαιτᾶσθαι
934 2125 1018 2171 ἐκεὶ,
1037 2122 1129 2162 ὅπου
1148 2126 1280 2170 ἥκιστα
1299 2124 1476 2176 μέλλοιμι
1495 2123 1723 2176 ὀφθήσεσθαι

266 2183 325 2234 ὑφ’
355 2184 469 2235 ὑμῶν.
527 2184 698 2235 Longius
726 2185 839 2222 etiam
869 2186 1015 2224 abeunt
1045 2184 1451 2224 Pseudo-Plutarchus
1480 2191 1520 2223 et
1540 2184 1723 2225 P-hotius:

266 2245 481 2298 Εὺδοκιμῶν
497 2245 532 2284 δὲ
552 2247 611 2284 ἐπὶ
626 2252 701 2290 τοῖς
720 2248 988 2299 πολιτεύμασιν
1002 2249 1021 2285 ὁ
1038 2246 1255 2294 Ἀνδοκίδης
1274 2247 1418 2284 ἐπέθετο
1433 2248 1648 2297 ναυκληρίᾳ.
1669 2249 1725 2286 At

268 2306 417 2345 factum
437 2321 519 2346 esse
540 2309 741 2360 quoddam
759 2315 895 2348 contra
907 2309 1153 2348 Andocidem
1170 2308 1384 2355 decretum,
1399 2321 1477 2356 quo
1490 2314 1688 2347 arceretur
1700 2322 1725 2348 a

268 2368 357 2408 foro
371 2374 410 2406 et
424 2370 597 2420 templis,
613 2371 706 2409 licet
720 2384 816 2409 unus
831 2372 944 2410 nobis
959 2377 1096 2410 auctor
1108 2371 1158 2409 sit
1172 2370 1324 2422 Lysim,
1339 2369 1484 2408 indicat
1498 2376 1624 2408 tamen
1640 2370 1723 2421 ipse

269 2431 423 2471 Audon.
439 2431 489 2469 de
510 2432 608 2470 Red.
626 2446 667 2483 p.
688 2437 753 2472 22.
773 2447 807 2471 v.
822 2438 886 2473 35.
915 2434 1029 2473 Τουτὶ
1047 2434 1088 2472 τὸ
1105 2435 1280 2486 ψήφισμα
1294 2434 1313 2472 ὃ
1333 2433 1511 2479 ἠκούσατε
1526 2431 1642 2484 [εἶναι’
1660 2449 1723 2485 μοι

268 2492 416 2542 ἄδειαν]
435 2493 688 2545 ψηφισάμενοί
707 2511 783 2546 μοι,
805 2491 832 2534 ὦ
848 2496 1059 2543 Ἀθηναῖοι,
1079 2495 1233 2547 ὕστερον
1253 2493 1468 2547 ἀφείλεσθε,
1484 2498 1598 2546 χάριν
1617 2495 1723 2547 ἑτέρῳ

266 2557 460 2608 ψέροντεςε
480 2560 518 2592 et
532 2554 624 2604 jure
641 2556 736 2594 illud
754 2558 914 2608 colligas
927 2571 974 2596 ex
985 2558 1114 2596 indole
1130 2564 1170 2596 et
1184 2563 1321 2595 natura
1337 2555 1499 2594 actionis
1518 2561 1608 2606 post
1622 2556 1724 2594 redi-

267 2624 350 2655 tum
370 2616 552 2654 adversus
572 2616 679 2655 illum
698 2617 899 2665 institutae,
919 2632 1033 2670 quam
1049 2619 1168 2657 fuisse
1187 2617 1335 2663 ἔνδειξιν
1352 2623 1489 2667 postea
1505 2616 1722 2668 apparebit.

268 2679 403 2716 Fuisse
421 2683 548 2717 autem
568 2691 591 2716 a
612 2680 878 2718 sacerdotibus
899 2681 1081 2719 devotum
1101 2678 1359 2726 Andocidem,
1376 2677 1487 2716 unius
1508 2678 1634 2730 Lysiae
1653 2691 1722 2716 au-

268 2740 449 2779 ctoritate
466 2740 613 2786 nititur,
631 2753 756 2790 neque
770 2741 808 2779 id
823 2743 936 2780 facile
949 2742 1125 2780 adducar
1137 2746 1176 2779 ut
1193 2741 1369 2778 credam:
1392 2740 1536 2778 sienim
1554 2740 1720 2779 devotus

268 2802 419 2848 suisset,
438 2815 513 2839 non
534 2815 649 2840 ausus
670 2809 772 2842 esset
799 2805 837 2841 in
867 2804 1030 2854 patriam
1061 2803 1201 2848 redire,
1222 2802 1293 2840 nisi
1313 2802 1419 2852 prius
1440 2802 1595 2852 publice
1620 2801 1722 2840 foret

268 2870 486 2910 revocatus,
500 2870 540 2902 et
559 2864 782 2903 sacerdotes
799 2864 927 2911 iidem,
943 2866 1010 2915 qui
1026 2866 1132 2902 illum
1152 2864 1410 2910 devovissent,
1426 2869 1515 2901 ante
1532 2875 1720 2901 resectas-

270 2931 369 2963 sent.
427 2924 620 2975 Equidem
634 2926 942 2973 existimaverim,
955 2928 1166 2964 Auctorem
1181 2925 1384 2964 Orationis
1398 2928 1536 2962 contra
1548 2922 1721 2963 Andoci-

271 2985 353 3023 dem
367 2986 583 3026 Alcibiadis
603 3001 757 3027 causam
773 2989 809 3027 in
824 2988 1067 3028 Andocidem
1082 2987 1339 3027 transtulisse:
1363 2986 1604 3026 Alcibiadem
1619 2984 1718 3023 enim
