1816 3272
405 256 740 299 LECTIONES
774 251 1173 296 ANDOCIDEAE.
1434 246 1515 288 217

59 363 197 415 Pyrrhi
218 364 362 403 Hered.
395 366 436 417 p.
457 370 522 404 38.
544 380 579 403 v.
602 369 665 402 18.
696 364 878 412 ἐτόλμησε
899 370 1130 414 μαοτυρῆσαι
1148 359 1337 408 ἐγγυῆσαι
1364 358 1412 406 τῷ
1439 355 1520 404 θείῳ

55 429 110 478 Τῷ
129 429 285 480 ἡμετέρῳ
304 445 371 474 την
390 428 583 481 ἀδελφὴν
574 444 640 473 την
659 426 792 464 ἑαυτοῦ
821 430 984 474 γυναῖκα
1008 429 1063 461 εἰν
1067 439 1105 460 αι
1131 437 1226 459 κατα
1256 435 1340 461 τους
1371 417 1521 467 νόμους.

59 489 176 527 Cous·
196 503 236 541 p.
256 494 321 529 40.
342 504 378 529 ν.
398 494 463 532 27.
485 503 524 540 p.
541 494 605 528 41.
629 489 656 526 f.
677 495 716 526 et
736 501 818 536 seq.
840 501 879 538 p.
898 491 963 525 45.
987 499 1021 523 v.
1038 489 1103 522 21.
1127 497 1210 534 seq.
1265 481 1374 520 Talis
1393 484 1521 517 autem

59 551 192 601 puella
216 551 422 590 dicebatur
451 552 672 602 ἐπίπροικος,
695 550 802 600 quod
825 549 958 587 dotem
978 553 1126 586 tantum
1149 559 1196 583 ex
1215 545 1327 582 bonis
1355 539 1522 594 paternis

61 614 388 663 consequebatur.
445 614 581 652 Pollux
611 614 818 651 Onomast.
850 611 877 649 l.
904 610 977 650 111.
1006 623 1036 648 s.
1057 612 1122 646 35.
1151 610 1173 654 ἡ
1205 606 1272 658 μὲν
1306 621 1374 643 συν
1404 601 1526 652 προικὶ

61 674 293 726 ἐπίπροικος;
323 674 399 712 vid.
436 675 676 726 Harpocrat.
711 681 752 712 et
784 673 927 712 Suidas
958 686 992 709 v.
1022 671 1198 712 ἐπίδικος.
1257 669 1322 712 At,
1345 666 1376 703 si
1403 664 1524 702 filium

61 736 209 775 nullum
237 750 461 787 germanum
491 737 686 776 decedens
718 736 803 785 quis
829 735 1078 783 relinqueret,
1102 731 1169 770 sed
1192 730 1244 768 fili
1249 743 1308 767 am
1331 739 1444 766 unam
1467 725 1526 763 vel

63 797 209 847 plures,
228 798 304 836 illae
332 798 422 836 filiae
442 798 672 837 dicebantur
697 798 886 848 ἑπίκληροι
914 796 1012 844 (vid.
1045 795 1279 844 Harpocrat.
1314 796 1353 828 et
1387 788 1526 827 Suidas

62 859 150 906 l.c.,
167 860 299 898 Schol.
312 860 515 911 Aristoph.
533 860 582 898 ad
594 861 743 911 Vespas
761 874 795 897 v.
810 863 901 898 581.
913 860 986 896 Av.
1008 858 1164 903 1652.);
1183 860 1222 893 et
1236 853 1376 891 nothos
1389 850 1528 888 fratres

65 920 116 959 ab
137 921 350 960 hereditate
366 922 654 961 excludebant:
678 921 754 960 vid.
768 921 967 971 Aristoph.
985 921 1055 957 Av.
1073 921 1191 957 1640.
1209 928 1321 966 seqq.
1339 919 1378 951 et
1395 911 1527 949 Schol.

66 979 117 1021 ad
134 983 174 1023 d.
194 984 220 1021 l.
276 984 415 1033 Neque
446 984 567 1022 solum
600 984 799 1034 ἐπίκληρος
821 983 905 1021 talis
928 982 1036 1030 virgo
1059 979 1280 1023 dicebatur,
1301 975 1370 1013 sed
1392 980 1431 1011 et
1451 973 1529 1010 ἐπι-

66 1047 228 1096 κληρῖτις
249 1046 350 1083 Isaeo
370 1045 531 1091 audivit,
554 1051 653 1084 teste
670 1045 905 1095 Harpocran
926 1057 962 1080 v.
981 1042 1167 1084 ἑπίέικος;
1200 1039 1291 1077 item
1315 1035 1465 1079 Soloni,
1489 1038 1531 1070 ut

66 1113 204 1146 auctor
223 1114 282 1146 est
301 1108 485 1146 Polluxl.
502 1109 578 1146 ΙΙΙ.
600 1121 719 1159 segm.
736 1111 800 1146 33.
842 1105 1021 1156 Euripidi
1047 1104 1229 1154 ’ἐγκληοος
1257 1099 1386 1151 Iphig.
1413 1097 1531 1133 Tam·

67 1183 103 1207 v.
129 1173 222 1209 682.
254 1170 359 1208 unde
393 1177 431 1208 et
460 1170 499 1207 in
533 1170 696 1220 Hippoi.
726 1172 904 1207 v.1011.
934 1167 1118 1217 ἔγκληρον
1148 1167 1259 1210 εὐνην
1290 1158 1534 1214 προσλαβών-

70 1231 317 1282 Hesychius:
346 1231 544 1282 ἔγκληρον,
566 1232 777 1282 ἐπίκληρον,
796 1233 991 1275 πλούσιον,
1006 1229 1192 1266 ἐνούσιονὶ
1223 1224 1431 1276 legendum
1452 1233 1535 1258 esse

69 1296 260 1331 πλουσίαν
279 1294 427 1336 monuit
448 1294 507 1331 Io.
531 1293 722 1331 Luzacius
754 1292 791 1330 in
820 1290 1075 1330 Lectionibus
1102 1287 1342 1331 domesticis,
1368 1285 1419 1322 ad
1449 1283 1488 1321 d.
1507 1283 1533 1319 l.

71 1354 277 1406 Hippolyti
297 1354 512 1406 Euripidei‚
529 1368 619 1393 cum
633 1355 725 1393 solae
743 1354 911 1393 soeminae
930 1353 1132 1402 ἑπίκληροι,
1150 1357 1189 1388 et
1207 1349 1379 1400 ἕγκληροι
1400 1347 1535 1385 dican-

73 1423 148 1455 tur.
207 1416 325 1468 Apud
345 1417 459 1455 Iones
480 1416 630 1455 videtur
651 1416 728 1454 filia
757 1416 870 1454 unica
890 1415 1002 1453 heres
1021 1415 1233 1466 πατρούχου
1253 1423 1392 1449 nomen
1413 1408 1536 1446 habu-

73 1477 170 1517 isse:
200 1485 306 1517 certe
328 1478 381 1517 ita
401 1485 562 1517 vocatur
578 1480 628 1517 ab
646 1479 849 1517 Herodoto
864 1478 890 1515 l.
906 1477 977 1514 VI.
995 1490 1031 1514 c.
1045 1481 1110 1517 57.
1128 1474 1207 1512 vid.
1229 1471 1536 1511 Valckenaerius

75 1538 124 1577 ad
146 1539 171 1577 i.
191 1539 216 1578 1.
238 1545 278 1577 et
297 1538 551 1577 Ruhnkenius
578 1540 627 1578 ad
648 1540 839 1577 Timaeum
861 1552 895 1576 v.
924 1540 1136 1588 πατρούχου
1155 1537 1352 1587 παρθένου.
1409 1533 1538 1570 Dores

75 1602 180 1654 illam
202 1602 447 1653 appellarunt
463 1602 734 1654 ἐπιπαματίδα,
756 1602 982 1652 ἑπιπάμονα,
1003 1606 1041 1637 et
1063 1599 1285 1650 ἓμπάμοναε
1317 1609 1406 1646 quae
1422 1607 1539 1632 voca-

77 1664 170 1703 bula
201 1664 386 1715 originem
422 1664 570 1703 ducunt
605 1678 627 1703 a
659 1665 776 1702 verbo
811 1665 893 1701 πάω
929 1663 987 1700 vel
1024 1661 1170 1711 πάομαι
1200 1658 1392 1710 possideo.
1449 1656 1540 1695 Vid.

78 1727 276 1765 Maussac.
296 1727 346 1765 ad
367 1726 603 1777 Harpocrat.
626 1740 660 1764 v.
681 1725 842 1768 ἑπίδικος
870 1732 909 1763 et
935 1738 972 1762 v.
993 1723 1121 1762 κὼδιαῑ
1154 1720 1469 1760 Hemsterhusius
1490 1719 1540 1756 ad

80 1786 228 1826 Polluc.
250 1788 275 1826 1.
295 1789 346 1826 X.
367 1802 396 1827 s,
417 1793 483 1826 20.
502 1788 586 1838 (ubi
602 1794 641 1826 et
654 1788 863 1826 Eustathio
889 1785 1167 1837 ἑπιπαματίέας
1188 1797 1260 1835 pro
1281 1783 1421 1820 vitioso
1447 1782 1543 1833 μάν-

80 1851 147 1895 δας
165 1851 375 1900 reddidit):
397 1857 435 1888 et
455 1850 503 1888 ad
526 1851 764 1902 Hesychium
781 1864 821 1901 p.
838 1853 957 1889 1197.
979 1849 1127 1886 Kuster
1147 1854 1187 1884 et
1207 1845 1359 1884 Alberti
1380 1844 1428 1882 ad
1447 1857 1543 1882 euu-

81 1913 170 1952 dem
191 1927 226 1952 v.
245 1913 513 1965 ἐπιπαματίδα.
567 1914 652 1951 Jam
688 1925 795 1958 vero,
829 1925 877 1949 ne
910 1911 1025 1960 stirps
1056 1911 1379 1960 exstingueretur,
1402 1906 1544 1957 saepius

82 1975 199 2014 filiam
220 1973 413 2025 ejusmodi
435 1974 585 2012 unicam
614 1987 689 2011 una
710 1987 799 2012 cum
822 1973 1038 2011 hereditate
1065 1971 1182 2009 alicui
1203 1983 1250 2007 ex
1271 1968 1406 2007 amicis
1427 1973 1546 2005 testa-

82 2043 217 2075 mento
235 2036 522 2087 relinquebant,
539 2050 584 2075 ea
599 2037 840 2082 conditione,
853 2042 895 2073 ut
909 2048 1008 2086 puer
1023 2048 1069 2072 ex
1087 2034 1153 2071 illo
1171 2039 1284 2070 natus
1301 2034 1340 2070 in
1358 2030 1547 2084 φράτορας

84 2098 262 2138 defuncti
283 2098 576 2137 inscriberetur:
607 2098 644 2136 in
666 2098 779 2148 cujus
801 2098 901 2136 enim
921 2097 1106 2149 φράτορας
1126 2095 1212 2145 quis
1229 2101 1331 2133 esset
1349 2101 1544 2144 receptuS,

87 2161 174 2211 ejus
188 2160 290 2198 filius
306 2160 518 2211 legitimus,
535 2162 613 2198 sive
627 2160 841 2206 nativitate,
856 2159 934 2197 sive
951 2158 1177 2208 adoptione,
1194 2156 1424 2194 habebatur.
1454 2154 1547 2194 Vid.

87 2223 239 2261 Petitus
262 2222 482 2261 Comment.
504 2221 554 2259 ad
587 2222 714 2272 Leges
735 2222 817 2260 Ait.
848 2221 874 2258 l.
899 2221 953 2258 ΙΙ.
977 2220 1036 2259 tit.
1059 2224 1096 2256 4.
1128 2232 1167 2269 p.
1189 2221 1282 2254 223.
1310 2223 1351 2254 et
1383 2216 1432 2254 de
1463 2216 1550 2267 ipso

87 2285 162 2324 ritu
183 2284 424 2322 Scholiastes
444 2283 594 2321 Comici
611 2283 660 2321 ad
683 2284 809 2320 Ranas
833 2296 866 2320 v.
880 2286 973 2320 810.
1031 2281 1136 2325 Quin
1157 2286 1196 2317 et
1217 2279 1286 2325 illi,
1308 2279 1376 2329 qui
1397 2278 1551 2318 unicam

90 2347 257 2385 haberet
288 2344 418 2390 filiam,
450 2357 527 2381 non
560 2344 670 2382 licuit
699 2344 811 2381 aliter
841 2355 1076 2393 quemquam
1107 2341 1310 2390 adoptare,
1335 2339 1407 2376 nisi
1440 2340 1552 2377 simul

91 2409 210 2448 filiam
230 2421 338 2446 suam
359 2407 415 2444 illi
434 2408 474 2444 in
496 2406 784 2445 matrimonium
812 2406 993 2443 elocaret.
1028 2405 1149 2442 Isaeus
1176 2404 1224 2440 de
1245 2402 1383 2453 Pyrrhi
1404 2402 1553 2440 Hered.

91 2485 132 2522 p.
146 2475 211 2510 44.
229 2483 263 2508 v.
280 2473 345 2508 38.
371 2468 420 2507 ‘O
441 2469 517 2519 γὰρ
538 2470 650 2520 νόμος
670 2467 869 2520 ὃιαρῥὴδην
884 2469 999 2516 λέγει·
1021 2467 1153 2513 ἐξεῖναι
1173 2464 1369 2503 διαθέσθαι
1384 2465 1485 2508 ὅπως
1505 2467 1554 2503 ἂν

92 2531 207 2587 ἐθέλῃ
226 2548 282 2573 τις
302 2532 348 2568 τὰ
366 2528 512 2576 ἑαυτοῦ,
532 2529 598 2567 ἐὰν
622 2531 672 2581 μὴ
692 2529 832 2572 παῖδας
852 2532 1032 2577 γνησίους
1053 2530 1239 2582 καταλίπῃ
1260 2527 1432 2578 ἐίῤῥενας·
1450 2528 1498 2563 ἂν
1518 2526 1554 2563 δὲ

93 2596 247 2641 θηλείας
267 2591 468 2646 καταλίπῃ,
487 2591 546 2628 ἐπὶ
563 2594 728 2634 ταύταις·
747 2593 876 2628 οὐκοῦν
895 2593 989 2642 μετὰ
1007 2597 1079 2628 τῶν
1097 2590 1312 2640 θυγατέρων
1330 2588 1408 2627 ’ἐστι
1429 2588 1556 2625 δοῦναι

95 2657 156 2693 καὶ
175 2653 372 2692 διαθέσθαι
396 2655 443 2691 τὰ
462 2654 586 2691 αὑτοῦ·
610 2653 699 2690 ἄνευ
726 2652 762 2690 δὲ
790 2659 863 2690 τῶν
891 2656 1058 2701 γνησίων
1088 2650 1305 2700 θυγατέρων
1324 2652 1396 2704 οὺχ
1416 2647 1495 2686 οἷόν
1520 2665 1557 2686 τε

94 2715 177 2755 οὔτε
196 2714 430 2760 ποιήσασθαι
448 2717 530 2763 οὔτε
549 2714 678 2752 δοῦναι
697 2714 814 2752 οὐδενὶ
833 2712 937 2752 οὐδὲν
956 2716 1029 2752 τῶν
1048 2713 1194 2751 ἑαυτοῦ.
1226 2711 1370 2749 Eadem
1394 2710 1476 2748 Lex
1493 2723 1557 2748 ex-

98 2782 176 2816 stat
194 2775 298 2826 apud
314 2775 618 2813 Demosthenem
641 2788 675 2813 c.
692 2775 858 2813 Macart.
874 2787 913 2825 p.
923 2773 1163 2815 1067.1.ed.
1176 2773 1223 2809 R.
1245 2770 1360 2809 Conf.
1382 2770 1500 2808 Isaeus
1517 2771 1558 2810 d.

99 2839 172 2876 Or.
185 2849 225 2888 p.
243 2840 309 2874 45.
327 2850 362 2874 v.
384 2840 448 2876 18.
471 2849 584 2887 seqq.
605 2836 809 2874 Demosth.
833 2849 867 2874 c.
893 2835 1059 2873 Macart.
1079 2847 1119 2884 p.
1136 2837 1254 2871 1053.
1275 2835 1341 2869 21.
1358 2844 1397 2869 c.
1420 2831 1557 2882 Steph.

101 2899 156 2938 ΙΙ.
177 2912 216 2950 p.
236 2901 355 2936 1136.
374 2902 413 2935 1.
466 2898 640 2937 Pertinet
666 2898 743 2936 huc
770 2897 879 2936 locus
899 2894 1173 2945 Aristophanis
1194 2894 1231 2931 in
1250 2892 1392 2943 Vespis
1411 2906 1448 2930 v.
1469 2896 1561 2932 581.

206 2973 295 3025 Κᾷν
315 2976 562 3020 ἀποθνήσκων
582 2977 602 3013 ὁ
621 2980 742 3027 πατήρ
764 2992 811 3027 τῳ
832 2975 879 3028 δῷ
901 2975 1118 3012 καταλιπὼν
1137 2971 1236 3009 παῖδ’
1253 2972 1466 3024 ἐπίκληρον,

210 3037 371 3076 Κλαίειν
391 3039 499 3089 ἡμεῖς
517 3039 639 3090 μακρὰ
657 3040 724 3083 τὴν
745 3039 908 3088 κεφαλὴν
929 3037 1092 3078 εἰπόντες
1113 3037 1155 3089 τῇ
1179 3032 1346 3089 διαθήκῃ,

803 3093 827 3127 2
848 3100 871 3127 F
