1818 3189
229 168 330 210 xxiv
593 162 941 207 RUHNKENII
977 161 1130 205 HIST.
1163 161 1319 204 CRIT.

133 281 211 318 148
303 280 463 319 XXIII.
492 280 694 318 Hactenus
732 280 968 331 eloquentiae
1002 285 1129 318 ortum
1163 285 1203 317 et
1235 279 1470 316 incrementa
1503 274 1680 313 vidimus.

229 343 345 381 Nunc
363 343 411 381 ad
432 343 522 381 illud
546 349 696 392 tempus
718 341 904 388 venimus,
918 355 996 393 quo
1018 355 1057 379 se
1078 341 1126 379 ad
1144 347 1294 379 tantum
1316 338 1456 377 extulit
1473 337 1682 387 fastigium,

229 410 270 442 ut
287 404 384 442 ultra
399 417 475 455 quo
490 403 801 453 progrederetur,
818 416 894 441 non
910 402 1086 440 haberet.
1139 401 1255 445 Quod
1273 400 1346 438 etsi
1360 399 1567 436 multorum
1582 398 1685 446 inge-

228 466 300 503 niis
313 465 527 515 studiisque
541 464 755 515 perfectum
770 470 842 515 est,
859 477 956 502 unus
970 470 1098 502 tamen
1109 463 1470 500 DEMOSTHENES
1484 457 1682 509 praecipue

227 528 326 565 hanc
363 526 516 564 laudem
556 526 670 570 tulit;
713 526 761 564 de
801 540 878 576 quo
916 525 1110 564 verissime
1141 524 1298 575 judicat
1331 521 1472 560 Cicero
1508 520 1616 556 Brut.
1642 523 1684 556 9.

228 592 254 609 ‘⁸
270 587 388 625 Plane
414 587 632 637 perfectum
655 594 863 633 oratorem,
888 594 928 625 et
954 587 1017 625 cui
1038 586 1134 623 nihil
1162 584 1371 623 admodum
1391 583 1508 628 desit,
1536 581 1684 617 Demo-

227 648 403 686 sthenem
424 649 538 687 facile
566 649 723 687 dixeris.
782 648 891 686 Nihil
915 655 1029 686 acute
1054 647 1213 685 inveniri
1236 645 1365 696 potuit
1395 644 1432 681 in
1459 643 1515 680 eis
1542 641 1685 686 causis,

227 722 321 762 quas
340 710 506 760 scripsit,
529 710 638 754 nihil,
669 716 710 748 ut
731 710 784 747 ita
803 710 947 755 dicam,
972 709 1150 754 subdole,
1177 707 1271 745 nihil
1299 710 1461 752 versute,
1490 703 1595 754 quod
1620 701 1685 739 ille

227 785 303 810 non
324 772 484 818 viderit;
513 772 607 810 nihil
629 771 822 810 subtiliter
840 771 932 818 dici,
959 771 1053 808 nihil
1074 783 1218 821 presse,
1242 767 1337 807 nihil
1363 767 1578 811 enucleate,
1607 776 1685 814 quo

227 832 309 871 fieri
334 834 457 883 possit
485 832 634 883 aliquid
664 833 848 870 limatius:
880 831 976 869 nihil
1005 840 1140 869 contra
1167 829 1325 880 grande,
1348 828 1442 865 nihil
1467 825 1687 869 incitatum,

227 894 326 932 nihil
353 900 528 933 ornatum
550 894 609 932 vel
629 894 832 932 verborum
855 893 1041 943 gravitate
1064 892 1124 929 vel
1151 890 1440 934 sententiarum,
1471 900 1550 937 quo
1573 885 1687 936 quid-

225 967 342 1007 quam
370 961 473 994 esset
505 955 680 993 elatius.'’
736 955 835 992 Cum
869 966 948 1002 quo
981 953 1069 990 loco
1096 950 1396 1000 conjungendus
1427 953 1485 986 est
1515 947 1613 984 alter
1638 946 1687 983 de

229 1017 341 1055 Orat.
363 1022 400 1057 7.
457 1017 651 1054 Caeterum
673 1015 721 1053 de
744 1014 1023 1058 Demosthene,
1043 1012 1206 1062 ejusque
1233 1010 1390 1060 aequali,
1411 1016 1450 1046 et
1468 1006 1688 1045 adversario

226 1084 431 1129 perpetuo,
450 1078 688 1123 AESCHINE,
707 1082 817 1114 tanto
837 1076 962 1113 minus
980 1074 1126 1125 aliquid
1148 1073 1279 1110 dicere
1299 1072 1452 1115 attinet,
1476 1069 1581 1120 quod
1601 1081 1688 1116 spe-

228 1153 369 1186 ramuS,
398 1138 584 1185 futurum,
612 1144 792 1189 optamus
818 1136 975 1187 quidem
1004 1142 1123 1180 certe,
1156 1141 1199 1172 ut
1228 1133 1429 1182 utriusque
1459 1130 1637 1175 historia,
1666 1140 1689 1165 a

227 1201 395 1251 Tayloro
421 1201 622 1252 promissa,
654 1207 744 1250 post
770 1199 855 1248 ejus
879 1198 959 1237 fata
986 1198 1023 1235 in
1052 1198 1180 1235 lucem
1208 1195 1439 1246 proferatur.
1495 1197 1519 1214 “
1542 1193 1688 1230 Demo-

230 1262 355 1300 stheni
371 1264 430 1311 (ut
447 1262 586 1300 Cicero
607 1261 733 1312 pergit
749 1261 858 1298 Brut.
878 1263 934 1307 9.)
950 1259 1173 1310 Hyperides
1194 1257 1407 1308 proximus,
1429 1261 1468 1293 et
1487 1254 1689 1292 AEschines

228 1323 315 1368 fuit,
343 1330 383 1361 et
412 1324 623 1374 Lycurgus,
646 1328 684 1360 et
705 1322 940 1367 Dinarchus,
963 1328 1002 1359 et
1021 1321 1068 1366 is,
1096 1320 1208 1370 cujus
1234 1319 1339 1357 nulla
1358 1323 1510 1356 exstant
1530 1315 1687 1366 scripta,

229 1385 439 1432 Demades,
468 1385 611 1435 aliique
630 1386 773 1435 plures.
831 1385 929 1421 Haec
959 1383 1062 1421 enim
1089 1389 1182 1420 aetas
1203 1380 1343 1420 effudit
1373 1381 1475 1418 hanc
1497 1376 1690 1428 copiam.’'

230 1446 292 1483 De
313 1447 573 1483 HYPERIDE
594 1446 776 1481 nonnulla
799 1445 965 1482 diximus
984 1445 1032 1483 ad
1051 1444 1253 1487 Rutilium,
1271 1445 1302 1478 1.
1320 1446 1385 1478 19.
1407 1455 1447 1491 p.
1465 1445 1531 1477 64.
1574 1438 1687 1491 [Vid.

227 1508 327 1545 infra
345 1512 375 1554 ῖς.
392 1506 577 1554 LXVII]
599 1506 811 1547 Κολυττεὺς
828 1509 991 1542 vocatur
1005 1504 1126 1550 abiis,
1141 1504 1206 1555 qui
1218 1503 1333 1541 vitam
1349 1503 1431 1553 ejus
1447 1507 1686 1540 enarrarunt.

228 1570 366 1618 Itaque
382 1567 601 1605 Eustratius
622 1566 659 1603 in
679 1566 878 1603 Aristotel.
900 1565 1056 1603 Nicom.
1073 1565 1146 1602 IX.
1166 1578 1206 1615 p.
1227 1568 1316 1602 148.
1338 1564 1378 1601 b.
1410 1562 1604 1608 AEschini,
1622 1561 1689 1612 qui

226 1628 442 1675 Κοθωκίδης
468 1627 554 1673 fuit,
579 1629 774 1677 ὁμογενεῖς
801 1630 1002 1670 Κολυττεῖς
1031 1626 1220 1672 tribuens,
1248 1626 1346 1664 duos
1374 1626 1563 1663 Oratores
1593 1636 1688 1662 con-

226 1690 368 1728 fundit.
426 1690 484 1726 Ex
504 1689 692 1733 oratione,
711 1701 784 1736 qua
801 1688 1022 1739 Hyperides
1041 1688 1227 1734 laudavit,
1244 1689 1311 1738 qui
1329 1688 1367 1725 in
1384 1687 1485 1725 bello
1506 1686 1690 1725 Lamiaco

226 1752 433 1803 perierant,
464 1751 562 1788 bene
586 1750 743 1798 longum
772 1755 810 1787 et
841 1751 1068 1799 praeclarum
1094 1749 1353 1799 fragmentum
1382 1753 1559 1797 superest
1585 1747 1689 1798 apud

228 1813 428 1850 Stobaeum
451 1812 574 1850 Serm.
592 1811 784 1849 CXXIII.
813 1824 850 1861 p.
872 1815 964 1849 618.
993 1811 1084 1849 inde
1113 1812 1318 1861 repetitum
1348 1824 1370 1848 a
1387 1810 1556 1860 Tayloro
1577 1811 1688 1848 Lect.

228 1873 319 1923 Lys.
340 1887 376 1911 c.
397 1873 472 1911 ΙΙΙ.
492 1873 555 1911 cui
572 1872 608 1909 in
631 1878 850 1910 transcursu
874 1872 1100 1909 medicinam
1122 1871 1328 1909 faciamus:
1360 1872 1444 1913 τούς
1464 1876 1547 1914 ταῖς
1562 1875 1690 1921 τιμαῖς

228 1942 301 1974 τῶν
328 1933 353 1971 ἓ

355 1942 423 1972 εῶν
447 1936 742 1985 καταλυομέναις
768 1932 1048 1982 βοηθήσαντας,
1069 1936 1252 1979 πλείστης
1278 1932 1516 1983 εὐδαιμονίας
1536 1932 1604 1970 ὑπὸ
1625 1937 1688 1970 τοῦ

133 2005 212 2040 149
229 1995 419 2046 δαιμονίου
435 1995 656 2046 τυγχάνειν.
690 1994 935 2045 Legendum:
952 2017 1003 2022 -—-
1019 1995 1196 2040 πλείστης
1211 1994 1429 2045 κηδεμονίας
1443 1994 1517 2031 ὑπὸ
1531 1998 1594 2031 τοῦ
1609 1993 1688 2031 δαι-

227 2060 360 2107 μονίου
378 2057 595 2107 τῡγχίινειν.
653 2055 770 2099 Quod
801 2056 1001 2093 Gesnerus
1026 2055 1064 2093 in
1094 2056 1179 2092 MS.
1201 2056 1345 2105 reperit
1373 2055 1601 2106 ἐπιμελείας,
1631 2059 1691 2092 est

229 2118 437 2168 explicatio
456 2117 574 2163 vocis,
600 2129 716 2166 quam
737 2116 988 2166 reposuimus.
1046 2115 1201 2153 Nobilis
1223 2115 1410 2166 imprimis
1433 2122 1492 2152 est
1515 2116 1600 2164 ejus
1620 2114 1691 2160 Δη-

228 2182 371 2224 λιακὸς,
403 2193 423 2217 e
456 2192 535 2229 quo
564 2178 641 2216 duo
670 2178 867 2216 luculenta
901 2177 1114 2227 fragmenta
1143 2183 1422 2215 conservarunt
1451 2177 1614 2226 Sopater
1650 2175 1689 2213 in

230 2240 464 2290 Hermogen.
487 2253 525 2290 p.
543 2243 632 2277 183.
653 2246 691 2277 et
708 2239 947 2277 Scholiastes
964 2252 1180 2290 anonymus
1197 2239 1233 2276 in
1250 2238 1419 2276 eundem
1434 2252 1472 2289 p.
1490 2243 1581 2278 389.
1599 2238 1690 2276 inde

229 2301 347 2339 relata
367 2301 416 2338 ab
437 2301 487 2338 Is.
505 2300 738 2337 Casaubono
757 2299 804 2337 ad
821 2300 964 2337 Athen.
979 2301 1028 2337 X.
1045 2304 1083 2337 6.
1122 2300 1304 2338 Alterum
1323 2311 1455 2336 eorum
1473 2299 1528 2336 sic
1550 2299 1690 2349 legitur

228 2362 330 2412 apud
350 2363 534 2400 Ioannem
554 2361 779 2399 Siceliotam
789 2360 1079 2398 Commentario
1089 2361 1178 2398 MS.
1194 2361 1230 2398 in
1243 2361 1528 2409 Hermogenem
1545 2373 1553 2397 :
1570 2360 1691 2410 Λέγε-

228 2439 289 2461 ται
310 2426 385 2473 γοίρ
404 2426 470 2468 τὴν
489 2422 607 2468 Λητώ
627 2422 788 2460 κῦουσαν
817 2422 855 2459 ἐκ
884 2422 984 2468 Διὸς,
1012 2421 1240 2460 ἐλαύνεσθαι
1266 2421 1335 2459 ὑπὸ
1363 2421 1566 2471 τῆς”Ηρας
1595 2424 1690 2460 κατὰ

228 2491 357 2523 πᾶσαν
377 2491 448 2533 γῆν
468 2499 505 2522 τε
526 2486 585 2521 καὶ
603 2484 804 2521 θάλασσαν
826 2484 1115 2530 ζηλοτυποῦσης.
1139 2483 1206 2529 ἤδη
1227 2482 1263 2521 δὲ
1291 2485 1407 2528 αὐτὴν
1432 2484 1453 2527 ἡ
1475 2481 1558 2525 ὠδὶς
1578 2499 1690 2520 κατα·

229 2547 418 2595 λαβοῦσα,
439 2549 490 2589 εἰς
509 2549 575 2592 τὴν
596 2548 774 2596 ἡμετέραν
793 2547 921 2597 χώραν
941 2549 1056 2584 λῦσαι
1076 2548 1143 2591 τὴν
1162 2546 1291 2591 ζώνην·
1314 2544 1396 2582 ἀνθ’
1416 2541 1468 2581 ὦν
1489 2549 1553 2582 νῦν
1573 2546 1592 2581 ὁ
1610 2544 1692 2582 Ζω-

231 2612 320 2660 στὴρ
339 2609 412 2647 α’πὸ
432 2608 627 2646 &escam-017.
647 2607 771 2645 ἔπειτα
789 2610 839 2650 εἷς
862 2608 988 2653 Δῆλον
1008 2606 1200 2655 διαβᾶσαι)
1221 2606 1391 2657 διδύμους
1413 2611 1544 2650 τεκεῖν,
1559 2604 1691 2658 ''Apre-

229 2675 294 2721 μίν
323 2687 360 2709 τε
387 2671 446 2708 καὶ
467 2669 708 2714 Ἀπόλλωνα,
740 2668 823 2711 τοῦς
848 2670 967 2712 θεούς.
998 2669 1063 2706 ubi
1091 2667 1362 2706 scribendum:
1393 2667 1479 2707 ἄνθ’
1504 2665 1556 2705 ὧν
1583 2675 1650 2706 νῦν
1673 2669 1692 2705 ὁ

231 2731 389 2782 Ζωστὴρ
408 2732 481 2769 α’πὸ
497 2730 598 2769 τοῦδε
615 2733 794 2768 καλεῖται.
852 2730 941 2769 Vid.
963 2730 1151 2781 Stepllan.
1175 2731 1268 2780 Byz.
1289 2743 1322 2766 v.
1338 2729 1511 2779 Ζωστήρ.
1568 2730 1691 2780 Apud

235 2792 482 2830 Plutarchum
498 2792 546 2829 de
567 2791 680 2829 Glor.
703 2791 929 2830 Atheniens.
951 2805 988 2842 p.
1005 2796 1096 2830 350.
1111 2791 1157 2828 Β.
1173 2790 1364 2842 Hyperidi
1381 2790 1562 2828 tribuitur
1581 2790 1691 2828 Πλα-

235 2854 371 2899 τιιῖκὸς,
392 2866 479 2903 quae
502 2853 682 2891 Isocratis
703 2859 759 2890 est
778 2853 912 2891 oratio.
945 2853 1022 2890 Sed
1045 2852 1234 2890 assentiar
1249 2851 1509 2890 eruditissimo
1530 2851 1691 2889 Valcke-

237 2913 379 2959 naerio‚
401 2914 583 2960 Δηλιακὸς
605 2914 820 2964 reponenti.
881 2913 1065 2962 Ejusdem
1087 2913 1252 2952 oratoris
1275 2912 1491 2957 Κυθνιακὸς
1511 2912 1692 2951 laudatur
