1816 3272
396 221 733 264 LECTIONES
765 223 1165 268 ANDOCIDEAE.
1421 227 1502 270 183

104 331 254 369 Horum
276 343 384 376 vero,
407 343 504 382 quos
526 331 712 377 recensui,
733 344 848 370 nemo
868 338 928 371 est
947 333 985 371 in
1000 333 1245 373 Andocidem
1263 333 1510 387 Hermogene

50 393 234 442 iniquior,
265 393 328 432 cui
360 393 483 444 magis
522 392 684 432 fortasse
715 393 904 444 placuerit
934 394 1063 434 fucata
1098 397 1329 435 Asianorum
1357 396 1510 444 Oratio,

51 467 165 504 quam
185 455 369 507 antiquus
395 455 457 494 ille
476 462 515 492 et
533 454 688 493 Atticus
718 454 971 505 simplicitatis
992 458 1112 496 color.
1169 457 1383 497 Rhetorum
1408 457 1510 497 enim

50 516 154 568 genti
175 523 214 556 et
234 517 588 556 Grammaticorum
615 516 710 554 nihil
743 517 922 568 pulcrum
942 517 1112 570 videtur,
1139 519 1213 557 nisi
1248 520 1356 571 quod
1385 521 1508 572 tropis

50 585 90 618 et
109 578 372 617 schematibus
391 577 620 616 distinctum
649 577 699 616 sit
729 582 769 617 et
796 585 990 617 ornatum.
1046 581 1100 618 At
1118 580 1312 631 equidem,
1333 583 1510 633 quamvis

51 641 251 680 Andocidi
275 642 489 679 orationem
509 653 586 679 non
607 639 774 679 tribuam
799 641 947 679 ratione
975 647 1015 680 et
1033 647 1116 680 arte
1135 643 1330 681 excultam
1350 650 1389 682 et
1407 644 1510 695 poli-

51 709 153 748 tam;
183 702 440 741 subtilitatem
469 708 613 748 tamen,
647 703 834 753 impetum
866 709 982 752 atque
1011 703 1238 755 gravitatem
1273 704 1390 751 illius,
1423 719 1509 744 sum

49 765 276 804 admiratus.
332 766 429 804 Arte
455 765 578 816 Lysiae
605 764 735 803 cedit:
765 778 903 804 nervos
931 765 1061 816 plures
1095 766 1214 804 habet
1247 772 1288 804 et
1316 767 1507 809 lacertos:

51 827 257 866 vehemens
276 826 462 878 imprimis
480 827 519 866 in
541 827 879 878 reprehendendo,
907 827 947 864 in
968 825 1218 866 defendendo
1239 840 1277 866 se
1297 828 1436 879 gravis,
1457 830 1508 868 ad

49 888 356 928 misericordiam
376 903 465 939 erga
495 903 534 927 se
565 889 807 936 movendam,
830 890 1044 941 odiumque
1072 890 1110 927 in
1130 889 1374 929 adversarios
1403 892 1508 931 exci-

48 950 208 989 tandum
230 951 345 1002 plane
370 951 627 1003 compositus,
659 951 698 989 in
731 951 997 1003 proponendis
1027 950 1368 1002 dijudicandisque
1394 965 1508 1003 argu-

49 1011 187 1050 mentis
205 1012 359 1051 subtilis
379 1018 419 1050 et
437 1018 588 1059 acutus,
615 1013 791 1052 dictione
816 1027 937 1065 purus
961 1020 1003 1052 et
1027 1013 1197 1064 elegans,
1225 1014 1364 1065 plenus
1383 1015 1509 1054 Attici

48 1075 222 1126 saporis:
252 1080 306 1113 ut,
307 1075 398 1126 jure
417 1088 440 1113 a
456 1075 732 1114 Grammaticis
753 1076 793 1114 in
812 1089 1012 1115 numerum
1034 1078 1085 1116 sit
1102 1078 1245 1117 relatus
1264 1085 1305 1117 et
1323 1079 1423 1118 inter
1438 1079 1507 1118 de-

48 1149 132 1175 cem
152 1137 370 1176 collocatus
388 1137 601 1188 principes.

101 1198 242 1249 Neque
261 1211 352 1237 vero
373 1198 533 1238 Oratori
561 1199 688 1249 culpae
709 1198 878 1238 dandum
906 1204 978 1246 est,
1012 1200 1120 1251 quod
1150 1201 1361 1252 simplicior
1384 1207 1443 1240 est
1468 1208 1509 1242 et

46 1266 128 1298 arte
146 1266 364 1310 ornatuque
378 1266 485 1300 caret
501 1260 563 1307 iis,
581 1275 671 1312 quae
689 1261 729 1299 in
749 1261 863 1313 Lysia
877 1262 961 1313 jam
981 1263 1127 1309 lucent,
1143 1264 1325 1315 quoniam
1344 1278 1391 1303 eo
1410 1265 1507 1303 ado-

47 1322 218 1361 lescente
245 1323 415 1362 nondum
436 1323 657 1372 eloquentia
676 1329 757 1362 arte
775 1329 858 1362 erat
872 1325 1071 1370 conclusa,
1093 1338 1222 1376 neque
1242 1326 1393 1365 ratione
1411 1339 1507 1365 con-

48 1385 198 1436 stricta,
218 1385 287 1424 sed
310 1391 393 1424 tota
411 1385 585 1437 dispersa
603 1392 720 1434 atque
741 1385 952 1431 dissoluta;
985 1388 1129 1438 quique
1155 1394 1249 1426 tunc
1276 1389 1508 1428 exstiterunt

47 1448 215 1486 Athenis
232 1447 465 1498 eloquentiae
486 1448 673 1498 magistri,
703 1447 743 1485 hi
767 1454 807 1486 et
826 1448 899 1498 ipsi
924 1454 1100 1488 recentes
1122 1457 1244 1498 erant,
1265 1457 1305 1489 et
1323 1452 1508 1502 sophisti-

47 1523 134 1548 cam
152 1510 269 1560 magis
290 1509 547 1548 subtilitatem
563 1509 815 1557 venabantur,
831 1523 949 1559 quam
970 1523 1098 1549 rerum
1112 1513 1400 1563 verborumque
1418 1527 1506 1565 gra-

47 1572 203 1610 vitatem
231 1578 272 1610 et
290 1576 479 1610 ornatum.
538 1571 591 1610 Ut
612 1571 845 1622 sophisticas
866 1572 934 1610 has
956 1572 1086 1622 spinas
1113 1580 1155 1612 et
1181 1573 1435 1614 subtilitatem
1464 1575 1506 1614 in

49 1634 257 1674 Andocide
285 1634 409 1672 minus
439 1633 713 1680 desideremus,
740 1633 806 1682 qui
826 1632 911 1683 jam
937 1634 1109 1682 ineunte,
1139 1641 1183 1673 ut
1202 1635 1368 1684 videtur,
1388 1642 1505 1676 aetate

48 1696 87 1735 in
105 1709 145 1734 re
166 1696 269 1735 civili
296 1702 334 1734 et
362 1696 517 1734 militari
546 1701 733 1741 versatus,
761 1702 900 1746 postea
918 1702 1047 1734 autem
1067 1696 1298 1747 plerumque
1319 1711 1438 1749 vagus
1465 1703 1506 1738 et

47 1758 214 1797 fortunae
240 1758 447 1797 temeritati
475 1756 691 1807 subjectus,
727 1769 848 1807 quum
878 1757 1115 1797 Rhetoribus
1143 1771 1300 1809 operam
1331 1771 1409 1798 non
1436 1759 1507 1798 da-

46 1826 121 1866 ret,
158 1833 345 1870 suamque
375 1819 533 1858 dicendi
561 1818 791 1858 facultatem
825 1819 939 1858 unice
966 1819 1018 1858 ad
1052 1819 1242 1859 forensem
1272 1821 1504 1872 civilemque

46 1893 158 1920 usum
190 1881 398 1929 conferret,
431 1894 508 1920 non
541 1881 747 1927 commisit,
783 1880 891 1930 quod
922 1881 1053 1934 Lysiae
1081 1881 1155 1934 ipsi
1183 1888 1222 1920 et
1254 1883 1418 1922 Isocrati
1445 1884 1504 1922 in·

47 1943 200 1984 terdum
227 1943 385 1991 accidit,
408 1949 463 1990 ut,
483 1944 574 1983 dum
595 1943 895 1982 concinnitatem
917 1950 1224 1993 consectaretur,
1245 1945 1320 1984 vim
1342 1945 1502 1985 dicendi

45 2011 85 2045 et
103 2005 332 2058 gravitatem
352 2005 560 2045 amitteret.

100 2068 201 2107 Sunt
223 2067 341 2118 igitur
359 2067 472 2106 nobis
494 2067 702 2106 Orationes
722 2066 938 2106 Andocidis
958 2067 1062 2105 lectu
1086 2067 1312 2115 utilissimae,
1338 2082 1427 2108 cum
1451 2069 1502 2108 ad

45 2129 281 2180 eloquentiae
310 2129 546 2180 exemplum,
574 2135 654 2167 tum
684 2130 733 2168 ad
769 2142 895 2168 rerum
925 2128 1144 2168 Atticarum
1177 2135 1217 2168 et
1245 2131 1503 2182 Antiquitatis

46 2191 334 2242 cognitionem:
364 2198 603 2242 quapropter
621 2204 691 2229 nos
715 2191 821 2229 illum
846 2190 1007 2241 dignum
1029 2190 1306 2240 judicavimus,
1329 2192 1367 2230 in
1387 2192 1502 2242 cujus

45 2253 159 2292 rebus
177 2253 440 2299 enucleandis,
470 2252 704 2304 scriptisque
723 2251 990 2300 emendandis,
1009 2265 1166 2303 operam
1187 2259 1361 2292 nostram
1379 2254 1502 2293 collo·

45 2328 234 2353 caremus·
290 2314 420 2365 Hujus
439 2320 566 2354 autem
586 2327 715 2367 operae
736 2314 823 2353 haec
842 2313 917 2352 erit
938 2313 1119 2365 bipertita
1136 2315 1249 2362 ratio,
1271 2322 1315 2354 ut
1333 2315 1500 2366 primum

43 2377 161 2416 vitam
194 2390 240 2416 ac
273 2390 334 2415 res
369 2384 498 2428 gestas
523 2375 739 2415 Andocidis
773 2388 1072 2427 persequamur:
1111 2376 1256 2415 deinde
1290 2377 1501 2417 Orationes

44 2438 147 2478 illius
175 2452 247 2490 pro
267 2439 412 2478 viribus
433 2439 575 2478 nostris
595 2439 853 2478 illustremus:
885 2438 944 2476 his
964 2438 1135 2490 denique
1159 2439 1274 2478 tertio
1293 2439 1382 2478 loco
1401 2452 1498 2478 non-

43 2501 158 2549 nullae
175 2501 366 2540 accedent
390 2508 533 2540 nostrae
557 2503 596 2540 in
628 2501 778 2553 Lysiam
799 2501 1183 2540 Animadversiones.
1237 2501 1324 2540 Jam
1343 2515 1434 2541 vero
1459 2502 1499 2540 in

43 2563 144 2609 viam
163 2564 437 2614 ingrediamur,
459 2571 497 2602 ct
516 2563 565 2603 de
586 2564 671 2614 ipso
690 2563 886 2602 videamus
904 2563 1124 2602 Andocide.

97 2626 205 2663 Inter
228 2625 486 2664 nobilissimas
506 2626 746 2664 Athenarum
773 2625 952 2670 familias,
981 2625 1124 2676 quibus
1155 2626 1233 2663 sive
1259 2625 1420 2664 ductum
1446 2625 1497 2663 ab

44 2687 214 2737 antiquis
233 2687 391 2738 regibus
409 2701 544 2738 genus,
566 2688 646 2726 sive
665 2687 862 2739 praecipua
882 2700 905 2725 a
924 2687 1186 2726 remotissimis
1206 2686 1294 2724 inde
1314 2687 1497 2737 tempori-

46 2749 116 2786 bus
133 2749 230 2786 inter
250 2749 352 2786 cives
370 2748 549 2798 dignitas,
570 2762 658 2787 cum
681 2761 775 2786 cura
801 2761 998 2786 sacrorum
1026 2754 1066 2786 et
1092 2748 1175 2799 ipsa
1195 2747 1379 2796 religione
1401 2759 1496 2785 con·

39 2810 190 2859 juncta,
220 2810 464 2860 Εὐπατριδῶν
492 2811 639 2848 illustre
668 2823 807 2848 nomeu
838 2816 1054 2861 paraverat,
1081 2809 1324 2860 Reipublicae
1353 2808 1495 2847 deinde

44 2871 227 2909 institutis
246 2870 528 2924 confirmatum,
557 2872 745 2922 insignem
766 2879 804 2910 et
825 2873 1053 2921 antiquitate
1074 2873 1209 2921 stirpis
1230 2877 1268 2908 et
1288 2870 1496 2920 splendore

43 2944 88 2970 ac
106 2932 250 2971 divitiis
269 2932 394 2970 locum
421 2934 576 2972 tenebat
603 2947 697 2984 gens
727 2934 803 2980 illa,
834 2948 879 2971 ex
908 2947 986 2984 qua
1013 2941 1121 2971 ortus
1141 2938 1223 2970 erat
1244 2931 1493 2977 Andocides:

45 2994 149 3043 quod
180 3007 266 3031 cum
296 2994 702 3034 Pseudo-Plutarchus
732 3001 771 3033 et
801 2995 962 3033 Photius
997 2995 1033 3032 in
1062 2994 1150 3032 Vita
1180 2994 1265 3044 ejus
1293 2999 1495 3041 testantur,

46 3063 125 3094 tum
146 3068 430 3106 nonnumquam
458 3056 506 3094 ‹lc
540 3057 610 3095 hac
640 3057 816 3094 claritate
839 3056 987 3107 generis
1014 3057 1093 3107 ipse
1126 3056 1311 3106 gloriatur
1331 3055 1494 3095 Orator:
