<?xml version="1.0" encoding="UTF-8"?>
<!DOCTYPE html PUBLIC "-//W3C//DTD XHTML 1.0 Transitional//EN"
    "http://www.w3.org/TR/xhtml1/DTD/xhtml1-transitional.dtd">
<html xmlns="http://www.w3.org/1999/xhtml" xml:lang="en" lang="en">
 <head>
  <title>
</title>
<meta http-equiv="Content-Type" content="text/html;charset=utf-8" />
  <meta name='ocr-system' content='tesseract 3.04.00' />
  <meta name='ocr-capabilities' content='ocr_page ocr_carea ocr_par ocr_line ocrx_word'/>
</head>
<body>
  <div class='ocr_page' id='page_1' title='image "./oratoresatticie01dobs_0253.png"; bbox 0 0 1816 3272; ppageno 0'>
   <div class='ocr_carea' id='block_1_1' title="bbox 157 542 1396 763">
    <p class='ocr_par' dir='ltr' id='par_1_1' title="bbox 157 542 1396 763">
     <span class='ocr_line' id='line_1_1' title="bbox 454 542 1117 598; baseline 0.002 -2"><span class='ocrx_word' id='word_1_1' title='bbox 454 543 497 596; x_wconf 88' lang='lat'><strong>1.</strong></span> <span class='ocrx_word' id='word_1_2' title='bbox 538 542 703 598; x_wconf 79' lang='lat' dir='ltr'><strong>oTT.</strong></span> <span class='ocrx_word' id='word_1_3' title='bbox 746 543 1117 598; x_wconf 80' lang='lat' dir='ltr'>SLUITERI</span> 
     </span>
     <span class='ocr_line' id='line_1_2' title="bbox 157 692 1396 763; baseline 0.001 -2"><span class='ocrx_word' id='word_1_4' title='bbox 157 692 700 763; x_wconf 87' lang='lat' dir='ltr'>LECTIONES</span> <span class='ocrx_word' id='word_1_5' title='bbox 759 693 1396 763; x_wconf 87' lang='lat' dir='ltr'><strong>ANDOCIDEAE.</strong></span> 
     </span>
    </p>
   </div>
   <div class='ocr_carea' id='block_1_2' title="bbox 720 855 846 863">
    <p class='ocr_par' dir='ltr' id='par_1_2' title="bbox 720 855 846 863">
     <span class='ocr_line' id='line_1_3' title="bbox 720 855 846 863; baseline 0 -1"><span class='ocrx_word' id='word_1_6' title='bbox 720 855 846 863; x_wconf 54' lang='grc' dir='ltr'><strong>..ψ-</strong></span> 
     </span>
    </p>
   </div>
   <div class='ocr_carea' id='block_1_3' title="bbox 561 939 1007 978">
    <p class='ocr_par' dir='ltr' id='par_1_3' title="bbox 561 939 1007 978">
     <span class='ocr_line' id='line_1_4' title="bbox 561 939 1007 978; baseline 0 0"><span class='ocrx_word' id='word_1_7' title='bbox 561 939 740 978; x_wconf 89' lang='lat' dir='ltr'><strong>CAPUT</strong></span> <span class='ocrx_word' id='word_1_8' title='bbox 769 939 1007 978; x_wconf 90' lang='lat' dir='ltr'><strong>PRIMUM.</strong></span> 
     </span>
    </p>
   </div>
   <div class='ocr_carea' id='block_1_4' title="bbox 56 1014 1511 1314">
    <p class='ocr_par' dir='ltr' id='par_1_4' title="bbox 56 1014 1511 1314">
     <span class='ocr_line' id='line_1_5' title="bbox 56 1014 1509 1056; baseline 0 -10"><span class='ocrx_word' id='word_1_9' title='bbox 56 1017 107 1047; x_wconf 86' lang='lat' dir='ltr'><strong>De</strong></span> <span class='ocrx_word' id='word_1_10' title='bbox 123 1017 192 1048; x_wconf 84' lang='lat' dir='ltr'><strong>stilo</strong></span> <span class='ocrx_word' id='word_1_11' title='bbox 210 1017 379 1048; x_wconf 75' lang='lat' dir='ltr'><strong>Andocidis</strong></span> <span class='ocrx_word' id='word_1_12' title='bbox 392 1016 541 1056; x_wconf 86' lang='lat' dir='ltr'><strong>judicium</strong></span> <span class='ocrx_word' id='word_1_13' title='bbox 560 1022 589 1047; x_wconf 89' lang='lat' dir='ltr'><strong>ct</strong></span> <span class='ocrx_word' id='word_1_14' title='bbox 606 1017 752 1047; x_wconf 87' lang='lat' dir='ltr'><strong>Veterum</strong></span> <span class='ocrx_word' id='word_1_15' title='bbox 774 1017 958 1047; x_wconf 85' lang='lat' dir='ltr'><strong>testimonia.</strong></span> <span class='ocrx_word' id='word_1_16' title='bbox 1004 1015 1155 1056; x_wconf 87' lang='lat' dir='ltr'><strong>Opusculi</strong></span> <span class='ocrx_word' id='word_1_17' title='bbox 1179 1016 1268 1054; x_wconf 87' lang='lat' dir='ltr'><strong>hujus</strong></span> <span class='ocrx_word' id='word_1_18' title='bbox 1291 1014 1463 1046; x_wconf 84' lang='lat' dir='ltr'><strong>institutum</strong></span> <span class='ocrx_word' id='word_1_19' title='bbox 1479 1020 1509 1046; x_wconf 82' lang='lat' dir='ltr'><strong>et</strong></span> 
     </span>
     <span class='ocr_line' id='line_1_6' title="bbox 96 1058 1509 1099; baseline -0.001 -9"><span class='ocrx_word' id='word_1_20' title='bbox 96 1059 188 1090; x_wconf 85' lang='lat' dir='ltr'><strong>ratio.</strong></span> <span class='ocrx_word' id='word_1_21' title='bbox 232 1062 281 1091; x_wconf 91' lang='lat' dir='ltr'><strong>De</strong></span> <span class='ocrx_word' id='word_1_22' title='bbox 296 1064 363 1090; x_wconf 86' lang='lat' dir='ltr'><strong>ortu</strong></span> <span class='ocrx_word' id='word_1_23' title='bbox 383 1065 415 1090; x_wconf 79' lang='lat' dir='ltr'><strong>et</strong></span> <span class='ocrx_word' id='word_1_24' title='bbox 437 1060 602 1098; x_wconf 84' lang='lat' dir='ltr'><strong>majoribus</strong></span> <span class='ocrx_word' id='word_1_25' title='bbox 617 1059 795 1090; x_wconf 82' lang='lat' dir='ltr'><strong>Andocidis.</strong></span> <span class='ocrx_word' id='word_1_26' title='bbox 840 1061 995 1099; x_wconf 86' lang='lat' dir='ltr'><strong>Leogoras</strong></span> <span class='ocrx_word' id='word_1_27' title='bbox 1020 1058 1160 1089; x_wconf 87' lang='lat' dir='ltr'><strong>Oratoris</strong></span> <span class='ocrx_word' id='word_1_28' title='bbox 1181 1068 1329 1098; x_wconf 87' lang='lat' dir='ltr'><strong>proavus,</strong></span> <span class='ocrx_word' id='word_1_29' title='bbox 1353 1058 1509 1089; x_wconf 75' lang='lat' dir='ltr'>Pisistrati</span> 
     </span>
     <span class='ocr_line' id='line_1_7' title="bbox 98 1101 1510 1140; baseline -0.001 -7"><span class='ocrx_word' id='word_1_30' title='bbox 98 1103 217 1133; x_wconf 83' lang='lat' dir='ltr'><strong>hostis:</strong></span> <span class='ocrx_word' id='word_1_31' title='bbox 242 1104 419 1134; x_wconf 82' lang='lat' dir='ltr'><strong>emendatur</strong></span> <span class='ocrx_word' id='word_1_32' title='bbox 443 1103 555 1133; x_wconf 83' lang='lat' dir='ltr'><strong>duobis</strong></span> <span class='ocrx_word' id='word_1_33' title='bbox 580 1102 659 1132; x_wconf 84' lang='lat' dir='ltr'><strong>locis</strong></span> <span class='ocrx_word' id='word_1_34' title='bbox 681 1101 867 1133; x_wconf 84' lang='lat' dir='ltr'><strong>Andocides.</strong></span> <span class='ocrx_word' id='word_1_35' title='bbox 920 1103 1007 1132; x_wconf 84' lang='lat' dir='ltr'><strong>Avus</strong></span> <span class='ocrx_word' id='word_1_36' title='bbox 1032 1101 1171 1132; x_wconf 78' lang='lat' dir='ltr'><strong>Oratoris</strong></span> <span class='ocrx_word' id='word_1_37' title='bbox 1199 1101 1393 1139; x_wconf 83' lang='lat' dir='ltr'><strong>Andocides3</strong></span> <span class='ocrx_word' id='word_1_38' title='bbox 1422 1107 1510 1140; x_wconf 82' lang='lat' dir='ltr'><strong>pater</strong></span> 
     </span>
     <span class='ocr_line' id='line_1_8' title="bbox 100 1144 1509 1185; baseline -0.002 -9"><span class='ocrx_word' id='word_1_39' title='bbox 100 1147 267 1185; x_wconf 78' lang='lat' dir='ltr'><strong>Leogoras,</strong></span> <span class='ocrx_word' id='word_1_40' title='bbox 285 1147 374 1176; x_wconf 87' lang='lat' dir='ltr'><strong>homo</strong></span> <span class='ocrx_word' id='word_1_41' title='bbox 390 1145 560 1184; x_wconf 82' lang='lat' dir='ltr'><strong>delicatus3</strong></span> <span class='ocrx_word' id='word_1_42' title='bbox 584 1144 701 1182; x_wconf 55' lang='lat' dir='ltr'><strong>xliii-&#39;rm</strong></span> <span class='ocrx_word' id='word_1_43' title='bbox 726 1145 855 1176; x_wconf 88' lang='lat' dir='ltr'><strong>fueritne</strong></span> <span class='ocrx_word' id='word_1_44' title='bbox 873 1156 1034 1184; x_wconf 86' lang='lat' dir='ltr'><strong>germanus</strong></span> <span class='ocrx_word' id='word_1_45' title='bbox 1049 1145 1131 1175; x_wconf 87' lang='lat' dir='ltr'><strong>illins</strong></span> <span class='ocrx_word' id='word_1_46' title='bbox 1147 1144 1225 1174; x_wconf 83' lang='lat' dir='ltr'><strong>filius</strong></span> <span class='ocrx_word' id='word_1_47' title='bbox 1240 1144 1438 1174; x_wconf 81' lang='lat' dir='ltr'><strong>Andocides?</strong></span> <span class='ocrx_word' id='word_1_48' title='bbox 1482 1145 1509 1174; x_wconf 84' lang='lat' dir='ltr'><strong>E</strong></span> 
     </span>
     <span class='ocr_line' id='line_1_9' title="bbox 96 1186 1510 1227; baseline -0.001 -9"><span class='ocrx_word' id='word_1_49' title='bbox 96 1189 207 1219; x_wconf 82' lang='lat' dir='ltr'><strong>Tzetze</strong></span> <span class='ocrx_word' id='word_1_50' title='bbox 227 1189 369 1219; x_wconf 89' lang='lat' dir='ltr'><strong>mendum</strong></span> <span class='ocrx_word' id='word_1_51' title='bbox 385 1188 512 1218; x_wconf 85' lang='lat' dir='ltr'><strong>tollitur.</strong></span> <span class='ocrx_word' id='word_1_52' title='bbox 555 1189 773 1219; x_wconf 83' lang='lat' dir='ltr'><strong>Adolescentia</strong></span> <span class='ocrx_word' id='word_1_53' title='bbox 788 1188 959 1218; x_wconf 88' lang='lat' dir='ltr'><strong>Andocidis</strong></span> <span class='ocrx_word' id='word_1_54' title='bbox 983 1194 1014 1219; x_wconf 89' lang='lat' dir='ltr'><strong>et</strong></span> <span class='ocrx_word' id='word_1_55' title='bbox 1028 1187 1115 1218; x_wconf 83' lang='lat' dir='ltr'><strong>initia</strong></span> <span class='ocrx_word' id='word_1_56' title='bbox 1130 1188 1159 1217; x_wconf 89' lang='lat' dir='ltr'><strong>in</strong></span> <span class='ocrx_word' id='word_1_57' title='bbox 1177 1186 1364 1226; x_wconf 79' lang='lat' dir='ltr'><strong>Republica:</strong></span> <span class='ocrx_word' id='word_1_58' title='bbox 1379 1186 1510 1227; x_wconf 77' lang='lat' dir='ltr'><strong>legatio-</strong></span> 
     </span>
     <span class='ocr_line' id='line_1_10' title="bbox 98 1230 1509 1270; baseline -0.001 -9"><span class='ocrx_word' id='word_1_59' title='bbox 98 1242 168 1262; x_wconf 86' lang='lat' dir='ltr'><strong>nem</strong></span> <span class='ocrx_word' id='word_1_60' title='bbox 184 1231 281 1262; x_wconf 84' lang='lat' dir='ltr'><strong>obiit:</strong></span> <span class='ocrx_word' id='word_1_61' title='bbox 297 1231 409 1270; x_wconf 84' lang='lat' dir='ltr'><strong>Lysias</strong></span> <span class='ocrx_word' id='word_1_62' title='bbox 422 1236 452 1262; x_wconf 89' lang='lat' dir='ltr'><strong>et</strong></span> <span class='ocrx_word' id='word_1_63' title='bbox 463 1231 640 1262; x_wconf 81' lang='lat' dir='ltr'><strong>Andocides</strong></span> <span class='ocrx_word' id='word_1_64' title='bbox 656 1231 866 1262; x_wconf 78' lang='lat' dir='ltr'><strong>conciliantur.</strong></span> <span class='ocrx_word' id='word_1_65' title='bbox 893 1231 1069 1270; x_wconf 84' lang='lat' dir='ltr'><strong>Disputatio</strong></span> <span class='ocrx_word' id='word_1_66' title='bbox 1085 1230 1313 1266; x_wconf 80' lang='lat' dir='ltr'><strong>valekenaerii,</strong></span> <span class='ocrx_word' id='word_1_67' title='bbox 1325 1230 1355 1259; x_wconf 90' lang='lat' dir='ltr'><strong>in</strong></span> <span class='ocrx_word' id='word_1_68' title='bbox 1366 1240 1426 1269; x_wconf 87' lang='lat' dir='ltr'><strong>qua</strong></span> <span class='ocrx_word' id='word_1_69' title='bbox 1435 1232 1509 1260; x_wconf 86' lang='lat' dir='ltr'><strong>Ora-</strong></span> 
     </span>
     <span class='ocr_line' id='line_1_11' title="bbox 98 1273 1511 1314; baseline -0.001 -10"><span class='ocrx_word' id='word_1_70' title='bbox 98 1274 143 1305; x_wconf 87' lang='lat' dir='ltr'><strong>tio</strong></span> <span class='ocrx_word' id='word_1_71' title='bbox 158 1279 262 1305; x_wconf 81' lang='lat' dir='ltr'><strong>contra</strong></span> <span class='ocrx_word' id='word_1_72' title='bbox 276 1274 459 1305; x_wconf 74' lang='lat' dir='ltr'><strong>Alcibiadem</strong></span> <span class='ocrx_word' id='word_1_73' title='bbox 475 1274 631 1304; x_wconf 84' lang='lat' dir='ltr'><strong>Andocidi</strong></span> <span class='ocrx_word' id='word_1_74' title='bbox 648 1274 832 1311; x_wconf 86' lang='lat' dir='ltr'><strong>vindicatur,</strong></span> <span class='ocrx_word' id='word_1_75' title='bbox 847 1274 972 1314; x_wconf 82' lang='lat' dir='ltr'><strong>Taylori</strong></span> <span class='ocrx_word' id='word_1_76' title='bbox 989 1278 1167 1314; x_wconf 85' lang='lat' dir='ltr'><strong>argumenta</strong></span> <span class='ocrx_word' id='word_1_77' title='bbox 1181 1273 1374 1308; x_wconf 82' lang='lat' dir='ltr'><strong>refelluntur,</strong></span> <span class='ocrx_word' id='word_1_78' title='bbox 1391 1274 1511 1303; x_wconf 86' lang='lat' dir='ltr'><strong>Plutar-</strong></span> 
     </span>
    </p>
   </div>
   <div class='ocr_carea' id='block_1_5' title="bbox 96 1316 1511 1392">
    <p class='ocr_par' dir='ltr' id='par_1_5' title="bbox 96 1316 1511 1392">
     <span class='ocr_line' id='line_1_12' title="bbox 97 1316 1511 1391; baseline -0.001 -44"><span class='ocrx_word' id='word_1_79' title='bbox 97 1317 173 1391; x_wconf 61' lang='lat' dir='ltr'><strong>chqis</strong></span> <span class='ocrx_word' id='word_1_80' title='bbox 188 1322 219 1347; x_wconf 82' lang='lat' dir='ltr'><strong>et</strong></span> <span class='ocrx_word' id='word_1_81' title='bbox 233 1317 411 1349; x_wconf 83' lang='lat' dir='ltr'><strong>Andocides</strong></span> <span class='ocrx_word' id='word_1_82' title='bbox 436 1317 548 1357; x_wconf 84' lang='lat' dir='ltr'><strong>saepius</strong></span> <span class='ocrx_word' id='word_1_83' title='bbox 572 1318 768 1348; x_wconf 78' lang='lat' dir='ltr'><strong>emendantur</strong></span> <span class='ocrx_word' id='word_1_84' title='bbox 790 1323 821 1348; x_wconf 79' lang='lat' dir='ltr'><strong>et</strong></span> <span class='ocrx_word' id='word_1_85' title='bbox 843 1317 1043 1353; x_wconf 86' lang='lat' dir='ltr'><strong>illustrantur,</strong></span> <span class='ocrx_word' id='word_1_86' title='bbox 1060 1321 1092 1347; x_wconf 91' lang='lat' dir='ltr'><strong>et</strong></span> <span class='ocrx_word' id='word_1_87' title='bbox 1106 1316 1144 1347; x_wconf 83' lang='lat' dir='ltr'><strong>de</strong></span> <span class='ocrx_word' id='word_1_88' title='bbox 1160 1316 1300 1347; x_wconf 84' lang='lat' dir='ltr'><strong>Phaeacis</strong></span> <span class='ocrx_word' id='word_1_89' title='bbox 1315 1316 1407 1346; x_wconf 83' lang='lat' dir='ltr'><strong>rebus</strong></span> <span class='ocrx_word' id='word_1_90' title='bbox 1422 1317 1511 1356; x_wconf 81' lang='lat' dir='ltr'><strong>plura</strong></span> 
     </span>
     <span class='ocr_line' id='line_1_13' title="bbox 96 1364 268 1392; baseline 0.006 -2"><span class='ocrx_word' id='word_1_91' title='bbox 96 1364 145 1391; x_wconf 86' lang='lat' dir='ltr'><strong>tra</strong></span> <span class='ocrx_word' id='word_1_92' title='bbox 169 1365 268 1392; x_wconf 84' lang='lat' dir='ltr'><strong>untur.</strong></span> 
     </span>
    </p>
   </div>
   <div class='ocr_carea' id='block_1_6' title="bbox 51 1535 1518 2576">
    <p class='ocr_par' dir='ltr' id='par_1_6' title="bbox 51 1535 1518 2576">
     <span class='ocr_line' id='line_1_14' title="bbox 51 1535 1511 1587; baseline -0.001 -11"><span class='ocrx_word' id='word_1_93' title='bbox 51 1538 202 1577; x_wconf 80' lang='lat' dir='ltr'>INTER</span> <span class='ocrx_word' id='word_1_94' title='bbox 223 1550 355 1576; x_wconf 89' lang='lat' dir='ltr'><strong>omnes</strong></span> <span class='ocrx_word' id='word_1_95' title='bbox 376 1544 491 1584; x_wconf 87' lang='lat' dir='ltr'><strong>artes,</strong></span> <span class='ocrx_word' id='word_1_96' title='bbox 522 1550 611 1587; x_wconf 86' lang='lat' dir='ltr'><strong>quae</strong></span> <span class='ocrx_word' id='word_1_97' title='bbox 638 1537 687 1576; x_wconf 83' lang='lat' dir='ltr'><strong>ad</strong></span> <span class='ocrx_word' id='word_1_98' title='bbox 716 1535 992 1576; x_wconf 83' lang='lat' dir='ltr'><strong>humanitatem</strong></span> <span class='ocrx_word' id='word_1_99' title='bbox 1023 1535 1230 1587; x_wconf 85' lang='lat' dir='ltr'><strong>pertinent,</strong></span> <span class='ocrx_word' id='word_1_100' title='bbox 1259 1547 1386 1584; x_wconf 91' lang='lat' dir='ltr'><strong>neque</strong></span> <span class='ocrx_word' id='word_1_101' title='bbox 1411 1535 1511 1574; x_wconf 85' lang='lat' dir='ltr'><strong>diffi-</strong></span> 
     </span>
     <span class='ocr_line' id='line_1_15' title="bbox 52 1596 1512 1651; baseline -0.004 -11"><span class='ocrx_word' id='word_1_102' title='bbox 52 1600 164 1640; x_wconf 83' lang='lat' dir='ltr'><strong>cilior</strong></span> <span class='ocrx_word' id='word_1_103' title='bbox 194 1606 254 1639; x_wconf 91' lang='lat' dir='ltr'><strong>est</strong></span> <span class='ocrx_word' id='word_1_104' title='bbox 281 1600 372 1648; x_wconf 89' lang='lat' dir='ltr'><strong>ulla,</strong></span> <span class='ocrx_word' id='word_1_105' title='bbox 401 1613 525 1649; x_wconf 91' lang='lat' dir='ltr'><strong>neque</strong></span> <span class='ocrx_word' id='word_1_106' title='bbox 555 1599 674 1651; x_wconf 87' lang='lat' dir='ltr'><strong>magis</strong></span> <span class='ocrx_word' id='word_1_107' title='bbox 709 1599 759 1637; x_wconf 90' lang='lat' dir='ltr'><strong>ab</strong></span> <span class='ocrx_word' id='word_1_108' title='bbox 794 1598 990 1637; x_wconf 89' lang='lat' dir='ltr'><strong>homiuum</strong></span> <span class='ocrx_word' id='word_1_109' title='bbox 1021 1596 1184 1648; x_wconf 87' lang='lat' dir='ltr'><strong>ingeniis</strong></span> <span class='ocrx_word' id='word_1_110' title='bbox 1217 1602 1512 1647; x_wconf 85' lang='lat' dir='ltr'><strong>temporumque</strong></span> 
     </span>
     <span class='ocr_line' id='line_1_16' title="bbox 52 1657 1514 1714; baseline -0.001 -14"><span class='ocrx_word' id='word_1_111' title='bbox 52 1662 181 1700; x_wconf 87' lang='lat' dir='ltr'><strong>causis</strong></span> <span class='ocrx_word' id='word_1_112' title='bbox 199 1661 358 1714; x_wconf 84' lang='lat' dir='ltr'><strong>pendet,</strong></span> <span class='ocrx_word' id='word_1_113' title='bbox 380 1674 496 1711; x_wconf 86' lang='lat' dir='ltr'><strong>quam</strong></span> <span class='ocrx_word' id='word_1_114' title='bbox 515 1661 736 1712; x_wconf 83' lang='lat' dir='ltr'><strong>eloquentia</strong></span> <span class='ocrx_word' id='word_1_115' title='bbox 754 1674 763 1699; x_wconf 74' lang='grc' dir='ltr'>ε</span> <span class='ocrx_word' id='word_1_116' title='bbox 791 1666 831 1698; x_wconf 90' lang='lat' dir='ltr'><strong>at</strong></span> <span class='ocrx_word' id='word_1_117' title='bbox 851 1660 962 1698; x_wconf 89' lang='lat' dir='ltr'><strong>simul</strong></span> <span class='ocrx_word' id='word_1_118' title='bbox 982 1658 1122 1697; x_wconf 86' lang='lat' dir='ltr'><strong>nullius</strong></span> <span class='ocrx_word' id='word_1_119' title='bbox 1151 1657 1244 1696; x_wconf 88' lang='lat' dir='ltr'><strong>artis</strong></span> <span class='ocrx_word' id='word_1_120' title='bbox 1263 1657 1433 1696; x_wconf 88' lang='lat' dir='ltr'><strong>studium</strong></span> <span class='ocrx_word' id='word_1_121' title='bbox 1453 1666 1514 1698; x_wconf 89' lang='lat' dir='ltr'><strong>est</strong></span> 
     </span>
     <span class='ocr_line' id='line_1_17' title="bbox 54 1719 1512 1775; baseline -0.003 -12"><span class='ocrx_word' id='word_1_122' title='bbox 54 1729 123 1763; x_wconf 88' lang='lat' dir='ltr'><strong>aut</strong></span> <span class='ocrx_word' id='word_1_123' title='bbox 151 1723 201 1762; x_wconf 87' lang='lat' dir='ltr'><strong>ad</strong></span> <span class='ocrx_word' id='word_1_124' title='bbox 223 1724 462 1775; x_wconf 89' lang='lat' dir='ltr'><strong>voluptatem</strong></span> <span class='ocrx_word' id='word_1_125' title='bbox 477 1723 709 1774; x_wconf 86' lang='lat' dir='ltr'><strong>jucundius,</strong></span> <span class='ocrx_word' id='word_1_126' title='bbox 739 1728 806 1761; x_wconf 86' lang='lat' dir='ltr'><strong>aut</strong></span> <span class='ocrx_word' id='word_1_127' title='bbox 833 1722 881 1760; x_wconf 89' lang='lat' dir='ltr'><strong>ad</strong></span> <span class='ocrx_word' id='word_1_128' title='bbox 911 1721 1112 1759; x_wconf 86' lang='lat' dir='ltr'><strong>utilitatem</strong></span> <span class='ocrx_word' id='word_1_129' title='bbox 1143 1719 1314 1767; x_wconf 85' lang='lat' dir='ltr'><strong>uberius,</strong></span> <span class='ocrx_word' id='word_1_130' title='bbox 1332 1733 1434 1769; x_wconf 88' lang='lat' dir='ltr'><strong>quae,</strong></span> <span class='ocrx_word' id='word_1_131' title='bbox 1455 1727 1512 1759; x_wconf 88' lang='lat' dir='ltr'><strong>et—</strong></span> 
     </span>
     <span class='ocr_line' id='line_1_18' title="bbox 56 1781 1514 1838; baseline -0.003 -13"><span class='ocrx_word' id='word_1_132' title='bbox 56 1787 168 1825; x_wconf 88' lang='lat' dir='ltr'><strong>iamsi</strong></span> <span class='ocrx_word' id='word_1_133' title='bbox 187 1786 426 1838; x_wconf 79' lang='lat' dir='ltr'><strong>praecipuam</strong></span> <span class='ocrx_word' id='word_1_134' title='bbox 446 1785 578 1825; x_wconf 89' lang='lat' dir='ltr'><strong>sedem</strong></span> <span class='ocrx_word' id='word_1_135' title='bbox 603 1786 642 1823; x_wconf 91' lang='lat' dir='ltr'><strong>in</strong></span> <span class='ocrx_word' id='word_1_136' title='bbox 663 1785 770 1823; x_wconf 89' lang='lat' dir='ltr'><strong>curia</strong></span> <span class='ocrx_word' id='word_1_137' title='bbox 799 1790 839 1823; x_wconf 92' lang='lat' dir='ltr'><strong>et</strong></span> <span class='ocrx_word' id='word_1_138' title='bbox 865 1783 951 1822; x_wconf 81' lang='lat' dir='ltr'><strong>foro</strong></span> <span class='ocrx_word' id='word_1_139' title='bbox 979 1781 1241 1828; x_wconf 85' lang='lat' dir='ltr'><strong>collocaverit,</strong></span> <span class='ocrx_word' id='word_1_140' title='bbox 1272 1781 1363 1819; x_wconf 88' lang='lat' dir='ltr'><strong>hinc</strong></span> <span class='ocrx_word' id='word_1_141' title='bbox 1387 1787 1514 1821; x_wconf 87' lang='lat' dir='ltr'><strong>tamen</strong></span> 
     </span>
     <span class='ocr_line' id='line_1_19' title="bbox 53 1842 1513 1899; baseline -0.001 -14"><span class='ocrx_word' id='word_1_142' title='bbox 53 1855 230 1899; x_wconf 87' lang='lat' dir='ltr'><strong>evagata,</strong></span> <span class='ocrx_word' id='word_1_143' title='bbox 250 1861 322 1899; x_wconf 88' lang='lat' dir='ltr'><strong>per</strong></span> <span class='ocrx_word' id='word_1_144' title='bbox 342 1861 475 1887; x_wconf 90' lang='lat' dir='ltr'><strong>omnes</strong></span> <span class='ocrx_word' id='word_1_145' title='bbox 493 1848 587 1886; x_wconf 90' lang='lat' dir='ltr'><strong>alias</strong></span> <span class='ocrx_word' id='word_1_146' title='bbox 608 1846 817 1886; x_wconf 85' lang='lat' dir='ltr'><strong>dimanavit</strong></span> <span class='ocrx_word' id='word_1_147' title='bbox 835 1845 1062 1895; x_wconf 88' lang='lat' dir='ltr'><strong>disciplinas</strong></span> <span class='ocrx_word' id='word_1_148' title='bbox 1083 1844 1206 1893; x_wconf 87' lang='lat' dir='ltr'><strong>iisque</strong></span> <span class='ocrx_word' id='word_1_149' title='bbox 1226 1842 1349 1881; x_wconf 89' lang='lat' dir='ltr'><strong>facem</strong></span> <span class='ocrx_word' id='word_1_150' title='bbox 1369 1845 1513 1894; x_wconf 88' lang='lat' dir='ltr'><strong>praelu·</strong></span> 
     </span>
     <span class='ocr_line' id='line_1_20' title="bbox 54 1903 1515 1958; baseline -0.002 -10"><span class='ocrx_word' id='word_1_151' title='bbox 54 1923 143 1948; x_wconf 89' lang='lat' dir='ltr'><strong>cere</strong></span> <span class='ocrx_word' id='word_1_152' title='bbox 181 1910 295 1948; x_wconf 87' lang='lat' dir='ltr'><strong>solet.</strong></span> <span class='ocrx_word' id='word_1_153' title='bbox 354 1910 484 1958; x_wconf 85' lang='lat' dir='ltr'><strong>Atque</strong></span> <span class='ocrx_word' id='word_1_154' title='bbox 518 1908 786 1947; x_wconf 82' lang='lat' dir='ltr'><strong>difficultatem</strong></span> <span class='ocrx_word' id='word_1_155' title='bbox 824 1907 982 1957; x_wconf 87' lang='lat' dir='ltr'><strong>quidem</strong></span> <span class='ocrx_word' id='word_1_156' title='bbox 1013 1905 1244 1954; x_wconf 74' lang='lat' dir='ltr'><strong>eloquentiae</strong></span> <span class='ocrx_word' id='word_1_157' title='bbox 1277 1903 1439 1943; x_wconf 86' lang='lat' dir='ltr'><strong>forensis</strong></span> <span class='ocrx_word' id='word_1_158' title='bbox 1474 1913 1515 1945; x_wconf 88' lang='lat' dir='ltr'><strong>et</strong></span> 
     </span>
     <span class='ocr_line' id='line_1_21' title="bbox 54 1966 1515 2021; baseline -0.003 -12"><span class='ocrx_word' id='word_1_159' title='bbox 54 1970 180 2009; x_wconf 89' lang='lat' dir='ltr'><strong>civilis</strong></span> <span class='ocrx_word' id='word_1_160' title='bbox 203 1970 294 2009; x_wconf 85' lang='lat' dir='ltr'><strong>hinc</strong></span> <span class='ocrx_word' id='word_1_161' title='bbox 321 1970 483 2009; x_wconf 86' lang='lat' dir='ltr'><strong>maxime</strong></span> <span class='ocrx_word' id='word_1_162' title='bbox 503 1983 711 2021; x_wconf 87' lang='lat' dir='ltr'><strong>possumus</strong></span> <span class='ocrx_word' id='word_1_163' title='bbox 739 1969 965 2020; x_wconf 86' lang='lat' dir='ltr'><strong>intelligere,</strong></span> <span class='ocrx_word' id='word_1_164' title='bbox 999 1967 1105 2018; x_wconf 90' lang='lat' dir='ltr'><strong>quod</strong></span> <span class='ocrx_word' id='word_1_165' title='bbox 1136 1979 1221 2005; x_wconf 86' lang='lat' dir='ltr'><strong>sero</strong></span> <span class='ocrx_word' id='word_1_166' title='bbox 1247 1966 1401 2004; x_wconf 87' lang='lat' dir='ltr'><strong>demum</strong></span> <span class='ocrx_word' id='word_1_167' title='bbox 1423 1968 1515 2005; x_wconf 91' lang='lat' dir='ltr'><strong>solis</strong></span> 
     </span>
     <span class='ocr_line' id='line_1_22' title="bbox 56 2028 1516 2082; baseline -0.001 -12"><span class='ocrx_word' id='word_1_168' title='bbox 56 2031 220 2071; x_wconf 85' lang='lat' dir='ltr'><strong>Athenis</strong></span> <span class='ocrx_word' id='word_1_169' title='bbox 239 2033 367 2071; x_wconf 89' lang='lat' dir='ltr'><strong>excoli</strong></span> <span class='ocrx_word' id='word_1_170' title='bbox 386 2032 459 2069; x_wconf 84' lang='lat' dir='ltr'><strong>fuit</strong></span> <span class='ocrx_word' id='word_1_171' title='bbox 485 2037 630 2082; x_wconf 89' lang='lat' dir='ltr'><strong>coepta,</strong></span> <span class='ocrx_word' id='word_1_172' title='bbox 659 2045 781 2081; x_wconf 88' lang='lat' dir='ltr'><strong>quum</strong></span> <span class='ocrx_word' id='word_1_173' title='bbox 809 2030 965 2079; x_wconf 83' lang='lat' dir='ltr'><strong>reliquae</strong></span> <span class='ocrx_word' id='word_1_174' title='bbox 988 2029 1073 2080; x_wconf 89' lang='lat' dir='ltr'><strong>jam</strong></span> <span class='ocrx_word' id='word_1_175' title='bbox 1102 2028 1247 2067; x_wconf 87' lang='lat' dir='ltr'><strong>dudum</strong></span> <span class='ocrx_word' id='word_1_176' title='bbox 1273 2028 1313 2065; x_wconf 90' lang='lat' dir='ltr'><strong>in</strong></span> <span class='ocrx_word' id='word_1_177' title='bbox 1338 2028 1516 2068; x_wconf 86' lang='lat' dir='ltr'><strong>universa</strong></span> 
     </span>
     <span class='ocr_line' id='line_1_23' title="bbox 56 2089 1515 2144; baseline -0.001 -13"><span class='ocrx_word' id='word_1_178' title='bbox 56 2092 215 2131; x_wconf 84' lang='lat' dir='ltr'><strong>Graecia</strong></span> <span class='ocrx_word' id='word_1_179' title='bbox 241 2106 280 2132; x_wconf 91' lang='lat' dir='ltr'><strong>se</strong></span> <span class='ocrx_word' id='word_1_180' title='bbox 300 2092 530 2132; x_wconf 86' lang='lat' dir='ltr'><strong>extulissent</strong></span> <span class='ocrx_word' id='word_1_181' title='bbox 557 2093 787 2144; x_wconf 78' lang='lat' dir='ltr'><strong>disciplinae,</strong></span> <span class='ocrx_word' id='word_1_182' title='bbox 817 2105 1006 2142; x_wconf 90' lang='lat' dir='ltr'><strong>suumque</strong></span> <span class='ocrx_word' id='word_1_183' title='bbox 1035 2089 1283 2141; x_wconf 84' lang='lat' dir='ltr'><strong>philosophia</strong></span> <span class='ocrx_word' id='word_1_184' title='bbox 1310 2089 1437 2128; x_wconf 87' lang='lat' dir='ltr'><strong>lumen</strong></span> <span class='ocrx_word' id='word_1_185' title='bbox 1465 2091 1515 2130; x_wconf 90' lang='lat' dir='ltr'><strong>de</strong></span> 
     </span>
     <span class='ocr_line' id='line_1_24' title="bbox 56 2151 1516 2193; baseline 0 -2"><span class='ocrx_word' id='word_1_186' title='bbox 56 2153 190 2192; x_wconf 90' lang='lat' dir='ltr'><strong>divino</strong></span> <span class='ocrx_word' id='word_1_187' title='bbox 209 2154 356 2192; x_wconf 89' lang='lat' dir='ltr'><strong>lumine</strong></span> <span class='ocrx_word' id='word_1_188' title='bbox 385 2167 593 2193; x_wconf 89' lang='lat' dir='ltr'><strong>accensum</strong></span> <span class='ocrx_word' id='word_1_189' title='bbox 624 2154 662 2192; x_wconf 90' lang='lat' dir='ltr'><strong>in</strong></span> <span class='ocrx_word' id='word_1_190' title='bbox 696 2154 894 2192; x_wconf 90' lang='lat' dir='ltr'><strong>hominum</strong></span> <span class='ocrx_word' id='word_1_191' title='bbox 924 2152 1070 2191; x_wconf 88' lang='lat' dir='ltr'><strong>animos</strong></span> <span class='ocrx_word' id='word_1_192' title='bbox 1091 2151 1361 2191; x_wconf 81' lang='lat' dir='ltr'><strong>transtulisset.</strong></span> <span class='ocrx_word' id='word_1_193' title='bbox 1419 2152 1516 2191; x_wconf 91' lang='lat' dir='ltr'><strong>Ideo</strong></span> 
     </span>
     <span class='ocr_line' id='line_1_25' title="bbox 57 2213 1515 2267; baseline -0.001 -13"><span class='ocrx_word' id='word_1_194' title='bbox 57 2219 185 2255; x_wconf 82' lang='lat' dir='ltr'><strong>autem</strong></span> <span class='ocrx_word' id='word_1_195' title='bbox 200 2215 287 2254; x_wconf 87' lang='lat' dir='ltr'><strong>haec</strong></span> <span class='ocrx_word' id='word_1_196' title='bbox 306 2228 329 2254; x_wconf 86' lang='lat' dir='ltr'><strong>a</strong></span> <span class='ocrx_word' id='word_1_197' title='bbox 348 2228 408 2254; x_wconf 90' lang='lat' dir='ltr'><strong>me</strong></span> <span class='ocrx_word' id='word_1_198' title='bbox 423 2215 621 2261; x_wconf 87' lang='lat' dir='ltr'><strong>dicuntur,</strong></span> <span class='ocrx_word' id='word_1_199' title='bbox 642 2221 685 2253; x_wconf 91' lang='lat' dir='ltr'><strong>ut</strong></span> <span class='ocrx_word' id='word_1_200' title='bbox 701 2220 898 2267; x_wconf 81' lang='lat' dir='ltr'><strong>appareat,</strong></span> <span class='ocrx_word' id='word_1_201' title='bbox 920 2214 1042 2252; x_wconf 89' lang='lat' dir='ltr'><strong>multo</strong></span> <span class='ocrx_word' id='word_1_202' title='bbox 1058 2213 1295 2252; x_wconf 88' lang='lat' dir='ltr'><strong>Rhetoribns</strong></span> <span class='ocrx_word' id='word_1_203' title='bbox 1315 2219 1354 2252; x_wconf 89' lang='lat' dir='ltr'><strong>et</strong></span> <span class='ocrx_word' id='word_1_204' title='bbox 1374 2214 1515 2252; x_wconf 87' lang='lat' dir='ltr'><strong>Gram-</strong></span> 
     </span>
     <span class='ocr_line' id='line_1_26' title="bbox 56 2274 1515 2326; baseline -0.003 -10"><span class='ocrx_word' id='word_1_205' title='bbox 56 2275 207 2316; x_wconf 84' lang='lat' dir='ltr'><strong>maticis</strong></span> <span class='ocrx_word' id='word_1_206' title='bbox 225 2276 344 2315; x_wconf 85' lang='lat' dir='ltr'><strong>fuisse</strong></span> <span class='ocrx_word' id='word_1_207' title='bbox 364 2275 516 2315; x_wconf 83' lang='lat' dir='ltr'><strong>facilius</strong></span> <span class='ocrx_word' id='word_1_208' title='bbox 537 2276 749 2315; x_wconf 88' lang='lat' dir='ltr'><strong>Oratorum</strong></span> <span class='ocrx_word' id='word_1_209' title='bbox 779 2277 923 2326; x_wconf 84' lang='lat' dir='ltr'><strong>scripta</strong></span> <span class='ocrx_word' id='word_1_210' title='bbox 948 2274 997 2313; x_wconf 90' lang='lat' dir='ltr'><strong>ad</strong></span> <span class='ocrx_word' id='word_1_211' title='bbox 1018 2286 1192 2312; x_wconf 88' lang='lat' dir='ltr'><strong>normam</strong></span> <span class='ocrx_word' id='word_1_212' title='bbox 1213 2274 1407 2325; x_wconf 86' lang='lat' dir='ltr'><strong>quandam</strong></span> <span class='ocrx_word' id='word_1_213' title='bbox 1436 2274 1515 2312; x_wconf 84' lang='lat' dir='ltr'><strong>exi-</strong></span> 
     </span>
     <span class='ocr_line' id='line_1_27' title="bbox 58 2335 1518 2391; baseline -0.003 -13"><span class='ocrx_word' id='word_1_214' title='bbox 58 2352 148 2391; x_wconf 85' lang='lat' dir='ltr'><strong>gere</strong></span> <span class='ocrx_word' id='word_1_215' title='bbox 182 2351 395 2390; x_wconf 86' lang='lat' dir='ltr'><strong>eorumque</strong></span> <span class='ocrx_word' id='word_1_216' title='bbox 419 2338 512 2377; x_wconf 88' lang='lat' dir='ltr'><strong>vitia</strong></span> <span class='ocrx_word' id='word_1_217' title='bbox 541 2351 703 2389; x_wconf 87' lang='lat' dir='ltr'><strong>carpere</strong></span> <span class='ocrx_word' id='word_1_218' title='bbox 734 2343 773 2376; x_wconf 86' lang='lat' dir='ltr'><strong>et</strong></span> <span class='ocrx_word' id='word_1_219' title='bbox 792 2338 1025 2388; x_wconf 89' lang='lat' dir='ltr'><strong>vituperare,</strong></span> <span class='ocrx_word' id='word_1_220' title='bbox 1053 2349 1171 2387; x_wconf 90' lang='lat' dir='ltr'><strong>quam</strong></span> <span class='ocrx_word' id='word_1_221' title='bbox 1196 2335 1444 2384; x_wconf 88' lang='lat' dir='ltr'><strong>Oratoribus,</strong></span> <span class='ocrx_word' id='word_1_222' title='bbox 1472 2336 1518 2375; x_wconf 86' lang='lat' dir='ltr'><strong>iis</strong></span> 
     </span>
     <span class='ocr_line' id='line_1_28' title="bbox 58 2398 1517 2453; baseline -0.003 -13"><span class='ocrx_word' id='word_1_223' title='bbox 58 2401 287 2453; x_wconf 87' lang='lat' dir='ltr'><strong>praesertim,</strong></span> <span class='ocrx_word' id='word_1_224' title='bbox 308 2400 373 2452; x_wconf 92' lang='lat' dir='ltr'><strong>qui</strong></span> <span class='ocrx_word' id='word_1_225' title='bbox 394 2400 509 2452; x_wconf 86' lang='lat' dir='ltr'><strong>primi</strong></span> <span class='ocrx_word' id='word_1_226' title='bbox 527 2400 773 2445; x_wconf 84' lang='lat' dir='ltr'><strong>exstiterunt,</strong></span> <span class='ocrx_word' id='word_1_227' title='bbox 801 2405 921 2438; x_wconf 86' lang='lat' dir='ltr'><strong>artem</strong></span> <span class='ocrx_word' id='word_1_228' title='bbox 942 2398 1116 2437; x_wconf 83' lang='lat' dir='ltr'><strong>excolere</strong></span> <span class='ocrx_word' id='word_1_229' title='bbox 1137 2404 1175 2436; x_wconf 89' lang='lat' dir='ltr'><strong>et</strong></span> <span class='ocrx_word' id='word_1_230' title='bbox 1197 2410 1372 2436; x_wconf 83' lang='lat' dir='ltr'><strong>normam</strong></span> <span class='ocrx_word' id='word_1_231' title='bbox 1392 2411 1438 2436; x_wconf 86' lang='lat' dir='ltr'><strong>ae</strong></span> <span class='ocrx_word' id='word_1_232' title='bbox 1458 2411 1517 2437; x_wconf 60' lang='lat' dir='ltr'><strong>reu</strong></span> 
     </span>
     <span class='ocr_line' id='line_1_29' title="bbox 58 2459 1516 2515; baseline -0.003 -13"><span class='ocrx_word' id='word_1_233' title='bbox 58 2464 168 2515; x_wconf 88' lang='lat' dir='ltr'><strong>gulas</strong></span> <span class='ocrx_word' id='word_1_234' title='bbox 201 2462 356 2501; x_wconf 91' lang='lat' dir='ltr'><strong>dicendi</strong></span> <span class='ocrx_word' id='word_1_235' title='bbox 389 2462 633 2513; x_wconf 87' lang='lat' dir='ltr'><strong>excogitare:</strong></span> <span class='ocrx_word' id='word_1_236' title='bbox 664 2474 791 2512; x_wconf 83' lang='lat' dir='ltr'><strong>neque</strong></span> <span class='ocrx_word' id='word_1_237' title='bbox 821 2461 922 2500; x_wconf 85' lang='lat' dir='ltr'><strong>adeo</strong></span> <span class='ocrx_word' id='word_1_238' title='bbox 957 2459 1297 2511; x_wconf 87' lang='lat' dir='ltr'><strong>reprehendendos</strong></span> <span class='ocrx_word' id='word_1_239' title='bbox 1324 2473 1406 2498; x_wconf 90' lang='lat' dir='ltr'><strong>esse</strong></span> <span class='ocrx_word' id='word_1_240' title='bbox 1436 2473 1516 2506; x_wconf 89' lang='lat' dir='ltr'><strong>eos,</strong></span> 
     </span>
     <span class='ocr_line' id='line_1_30' title="bbox 61 2520 1518 2576; baseline -0.003 -13"><span class='ocrx_word' id='word_1_241' title='bbox 61 2524 142 2575; x_wconf 91' lang='lat' dir='ltr'><strong>qui,</strong></span> <span class='ocrx_word' id='word_1_242' title='bbox 158 2525 249 2564; x_wconf 87' lang='lat' dir='ltr'><strong>licet</strong></span> <span class='ocrx_word' id='word_1_243' title='bbox 265 2538 287 2562; x_wconf 86' lang='lat' dir='ltr'><strong>a</strong></span> <span class='ocrx_word' id='word_1_244' title='bbox 306 2524 483 2576; x_wconf 86' lang='lat' dir='ltr'><strong>principe</strong></span> <span class='ocrx_word' id='word_1_245' title='bbox 504 2525 543 2562; x_wconf 93' lang='lat' dir='ltr'><strong>in</strong></span> <span class='ocrx_word' id='word_1_246' title='bbox 559 2525 636 2563; x_wconf 88' lang='lat' dir='ltr'><strong>hoc</strong></span> <span class='ocrx_word' id='word_1_247' title='bbox 654 2523 1068 2575; x_wconf 77' lang='lat' dir='ltr'><strong>genere&#39;Demosthene</strong></span> <span class='ocrx_word' id='word_1_248' title='bbox 1089 2522 1242 2573; x_wconf 86' lang='lat' dir='ltr'><strong>longius</strong></span> <span class='ocrx_word' id='word_1_249' title='bbox 1262 2520 1404 2567; x_wconf 86' lang='lat' dir='ltr'><strong>absint,</strong></span> <span class='ocrx_word' id='word_1_250' title='bbox 1418 2534 1518 2572; x_wconf 81' lang='lat' dir='ltr'><strong>prae-</strong></span> 
     </span>
    </p>
   </div>
   <div class='ocr_carea' id='block_1_7' title="bbox 0 2581 1517 2637">
    <p class='ocr_par' dir='ltr' id='par_1_7' title="bbox 0 2581 1517 2637">
     <span class='ocr_line' id='line_1_31' title="bbox 0 2581 1517 2637; baseline -0.004 -13"><span class='ocrx_word' id='word_1_251' title='bbox 0 2598 2 2606; x_wconf 73' lang='lat'><strong>¹</strong></span> <span class='ocrx_word' id='word_1_252' title='bbox 60 2586 242 2626; x_wconf 88' lang='lat' dir='ltr'><strong>sti-terunt</strong></span> <span class='ocrx_word' id='word_1_253' title='bbox 261 2592 402 2634; x_wconf 88' lang='lat' dir='ltr'><strong>tamen,</strong></span> <span class='ocrx_word' id='word_1_254' title='bbox 422 2586 527 2637; x_wconf 92' lang='lat' dir='ltr'><strong>quod</strong></span> <span class='ocrx_word' id='word_1_255' title='bbox 549 2590 772 2637; x_wconf 87' lang='lat' dir='ltr'><strong>potuerunt,</strong></span> <span class='ocrx_word' id='word_1_256' title='bbox 799 2584 951 2635; x_wconf 86' lang='lat' dir='ltr'><strong>ipsique</strong></span> <span class='ocrx_word' id='word_1_257' title='bbox 969 2582 1137 2635; x_wconf 88' lang='lat' dir='ltr'><strong>principi</strong></span> <span class='ocrx_word' id='word_1_258' title='bbox 1157 2583 1312 2634; x_wconf 86' lang='lat' dir='ltr'><strong>planam</strong></span> <span class='ocrx_word' id='word_1_259' title='bbox 1332 2582 1430 2619; x_wconf 89' lang='lat' dir='ltr'><strong>viam</strong></span> <span class='ocrx_word' id='word_1_260' title='bbox 1460 2581 1517 2619; x_wconf 86' lang='lat' dir='ltr'><strong>fa-</strong></span> 
     </span>
    </p>
   </div>
   <div class='ocr_carea' id='block_1_8' title="bbox 11 2643 1519 2943">
    <p class='ocr_par' dir='ltr' id='par_1_8' title="bbox 11 2643 1519 2943">
     <span class='ocr_line' id='line_1_32' title="bbox 59 2643 1516 2697; baseline -0.005 -11"><span class='ocrx_word' id='word_1_261' title='bbox 59 2646 253 2697; x_wconf 86' lang='lat' dir='ltr'><strong>cilemque</strong></span> <span class='ocrx_word' id='word_1_262' title='bbox 276 2647 465 2686; x_wconf 83' lang='lat' dir='ltr'><strong>fecerunt.</strong></span> <span class='ocrx_word' id='word_1_263' title='bbox 524 2647 688 2686; x_wconf 86' lang='lat' dir='ltr'><strong>Ratione</strong></span> <span class='ocrx_word' id='word_1_264' title='bbox 712 2647 784 2685; x_wconf 88' lang='lat' dir='ltr'><strong>hac</strong></span> <span class='ocrx_word' id='word_1_265' title='bbox 805 2648 843 2684; x_wconf 89' lang='lat' dir='ltr'><strong>in</strong></span> <span class='ocrx_word' id='word_1_266' title='bbox 870 2659 910 2684; x_wconf 88' lang='lat' dir='ltr'><strong>re</strong></span> <span class='ocrx_word' id='word_1_267' title='bbox 931 2645 1118 2684; x_wconf 89' lang='lat' dir='ltr'><strong>utendum</strong></span> <span class='ocrx_word' id='word_1_268' title='bbox 1139 2650 1211 2691; x_wconf 88' lang='lat' dir='ltr'><strong>est,</strong></span> <span class='ocrx_word' id='word_1_269' title='bbox 1235 2656 1311 2694; x_wconf 91' lang='lat' dir='ltr'><strong>qua</strong></span> <span class='ocrx_word' id='word_1_270' title='bbox 1330 2643 1516 2692; x_wconf 80' lang='lat' dir='ltr'><strong>neglecta,</strong></span> 
     </span>
     <span class='ocr_line' id='line_1_33' title="bbox 61 2703 1518 2760; baseline -0.004 -14"><span class='ocrx_word' id='word_1_271' title='bbox 61 2708 94 2746; x_wconf 88' lang='lat' dir='ltr'><strong>si</strong></span> <span class='ocrx_word' id='word_1_272' title='bbox 113 2707 246 2758; x_wconf 91' lang='lat' dir='ltr'><strong>quide</strong></span> <span class='ocrx_word' id='word_1_273' title='bbox 263 2708 421 2746; x_wconf 89' lang='lat' dir='ltr'><strong>aliorum</strong></span> <span class='ocrx_word' id='word_1_274' title='bbox 441 2709 594 2760; x_wconf 85' lang='lat' dir='ltr'><strong>scriptis</strong></span> <span class='ocrx_word' id='word_1_275' title='bbox 613 2707 794 2758; x_wconf 86' lang='lat' dir='ltr'><strong>judicare</strong></span> <span class='ocrx_word' id='word_1_276' title='bbox 815 2707 946 2753; x_wconf 89' lang='lat' dir='ltr'><strong>velint,</strong></span> <span class='ocrx_word' id='word_1_277' title='bbox 968 2720 1094 2757; x_wconf 87' lang='lat' dir='ltr'><strong>neque</strong></span> <span class='ocrx_word' id='word_1_278' title='bbox 1118 2705 1167 2743; x_wconf 89' lang='lat' dir='ltr'><strong>ad</strong></span> <span class='ocrx_word' id='word_1_279' title='bbox 1186 2710 1355 2751; x_wconf 84' lang='lat' dir='ltr'><strong>aetatem,</strong></span> <span class='ocrx_word' id='word_1_280' title='bbox 1375 2703 1518 2749; x_wconf 88' lang='lat' dir='ltr'><strong>locum,</strong></span> 
     </span>
     <span class='ocr_line' id='line_1_34' title="bbox 61 2766 1519 2819; baseline -0.004 -12"><span class='ocrx_word' id='word_1_281' title='bbox 61 2770 258 2808; x_wconf 84' lang='lat' dir='ltr'><strong>fortunam</strong></span> <span class='ocrx_word' id='word_1_282' title='bbox 287 2769 518 2819; x_wconf 83' lang='lat' dir='ltr'><strong>scriptorum</strong></span> <span class='ocrx_word' id='word_1_283' title='bbox 547 2770 716 2808; x_wconf 88' lang='lat' dir='ltr'><strong>animum</strong></span> <span class='ocrx_word' id='word_1_284' title='bbox 745 2770 963 2816; x_wconf 86' lang='lat' dir='ltr'><strong>advertant,</strong></span> <span class='ocrx_word' id='word_1_285' title='bbox 995 2767 1022 2805; x_wconf 91' lang='lat' dir='ltr'><strong>ii</strong></span> <span class='ocrx_word' id='word_1_286' title='bbox 1053 2773 1092 2805; x_wconf 87' lang='lat' dir='ltr'><strong>et</strong></span> <span class='ocrx_word' id='word_1_287' title='bbox 1124 2766 1308 2804; x_wconf 86' lang='lat' dir='ltr'><strong>errabunt</strong></span> <span class='ocrx_word' id='word_1_288' title='bbox 1337 2777 1456 2814; x_wconf 88' lang='lat' dir='ltr'><strong>saepe,</strong></span> <span class='ocrx_word' id='word_1_289' title='bbox 1479 2771 1519 2802; x_wconf 84' lang='lat' dir='ltr'><strong>et</strong></span> 
     </span>
     <span class='ocr_line' id='line_1_35' title="bbox 62 2826 1518 2883; baseline -0.004 -14"><span class='ocrx_word' id='word_1_290' title='bbox 62 2844 192 2870; x_wconf 89' lang='lat' dir='ltr'><strong>severe</strong></span> <span class='ocrx_word' id='word_1_291' title='bbox 212 2830 322 2868; x_wconf 83' lang='lat' dir='ltr'><strong>nimis</strong></span> <span class='ocrx_word' id='word_1_292' title='bbox 342 2837 459 2882; x_wconf 91' lang='lat' dir='ltr'><strong>atque</strong></span> <span class='ocrx_word' id='word_1_293' title='bbox 478 2832 610 2883; x_wconf 91' lang='lat' dir='ltr'><strong>inique</strong></span> <span class='ocrx_word' id='word_1_294' title='bbox 623 2832 872 2882; x_wconf 88' lang='lat' dir='ltr'><strong>judicabunt.</strong></span> <span class='ocrx_word' id='word_1_295' title='bbox 926 2832 1026 2876; x_wconf 86' lang='lat' dir='ltr'><strong>Jam,</strong></span> <span class='ocrx_word' id='word_1_296' title='bbox 1047 2831 1122 2867; x_wconf 87' lang='lat' dir='ltr'><strong>hoc</strong></span> <span class='ocrx_word' id='word_1_297' title='bbox 1142 2828 1287 2866; x_wconf 87' lang='lat' dir='ltr'><strong>monito</strong></span> <span class='ocrx_word' id='word_1_298' title='bbox 1307 2826 1518 2877; x_wconf 83' lang='lat' dir='ltr'><strong>praemisso,</strong></span> 
     </span>
     <span class='ocr_line' id='line_1_36' title="bbox 11 2889 1518 2943; baseline -0.004 -11"><span class='ocrx_word' id='word_1_299' title='bbox 11 2903 24 2911; x_wconf 77' lang='grc'><strong>’“</strong></span> <span class='ocrx_word' id='word_1_300' title='bbox 62 2894 262 2940; x_wconf 88' lang='lat' dir='ltr'><strong>Veterum,</strong></span> <span class='ocrx_word' id='word_1_301' title='bbox 285 2907 383 2943; x_wconf 89' lang='lat' dir='ltr'><strong>quos</strong></span> <span class='ocrx_word' id='word_1_302' title='bbox 403 2893 451 2932; x_wconf 82' lang='lat' dir='ltr'><strong>de</strong></span> <span class='ocrx_word' id='word_1_303' title='bbox 466 2894 637 2933; x_wconf 81' lang='lat' dir='ltr'><strong>dictione</strong></span> <span class='ocrx_word' id='word_1_304' title='bbox 656 2902 696 2933; x_wconf 84' lang='lat' dir='ltr'><strong>et</strong></span> <span class='ocrx_word' id='word_1_305' title='bbox 718 2895 806 2933; x_wconf 83' lang='lat' dir='ltr'><strong>stilo</strong></span> <span class='ocrx_word' id='word_1_306' title='bbox 822 2893 1037 2932; x_wconf 85' lang='lat' dir='ltr'><strong>Andocidis</strong></span> <span class='ocrx_word' id='word_1_307' title='bbox 1057 2890 1277 2943; x_wconf 86' lang='lat' dir='ltr'><strong>prodidisse</strong></span> <span class='ocrx_word' id='word_1_308' title='bbox 1293 2889 1518 2934; x_wconf 88' lang='lat' dir='ltr'><strong>invenimus,</strong></span> 
     </span>
    </p>
   </div>
   <div class='ocr_carea' id='block_1_9' title="bbox 63 2951 1521 3056">
    <p class='ocr_par' dir='ltr' id='par_1_9' title="bbox 63 2951 1521 3056">
     <span class='ocr_line' id='line_1_37' title="bbox 63 2951 1521 3008; baseline -0.002 -16"><span class='ocrx_word' id='word_1_309' title='bbox 63 2955 283 2993; x_wconf 86' lang='lat' dir='ltr'><strong>testimonia</strong></span> <span class='ocrx_word' id='word_1_310' title='bbox 304 2955 341 2994; x_wconf 86' lang='lat' dir='ltr'><strong>iu</strong></span> <span class='ocrx_word' id='word_1_311' title='bbox 364 2955 528 2995; x_wconf 87' lang='lat' dir='ltr'><strong>medium</strong></span> <span class='ocrx_word' id='word_1_312' title='bbox 551 2956 792 3008; x_wconf 72' lang='lat' dir='ltr'><strong>proferamus</strong></span> <span class='ocrx_word' id='word_1_313' title='bbox 824 2961 1071 3005; x_wconf 85' lang='lat' dir='ltr'><strong>nostramque</strong></span> <span class='ocrx_word' id='word_1_314' title='bbox 1101 2952 1151 2991; x_wconf 89' lang='lat' dir='ltr'><strong>de</strong></span> <span class='ocrx_word' id='word_1_315' title='bbox 1178 2951 1223 2990; x_wconf 79' lang='lat' dir='ltr'><strong>iis</strong></span> <span class='ocrx_word' id='word_1_316' title='bbox 1250 2963 1521 3004; x_wconf 85' lang='lat' dir='ltr'><strong>expromamus</strong></span> 
     </span>
     <span class='ocr_line' id='line_1_38' title="bbox 66 3016 305 3056; baseline 0 -2"><span class='ocrx_word' id='word_1_317' title='bbox 66 3016 305 3056; x_wconf 84' lang='lat' dir='ltr'><strong>sententiam.</strong></span> 
     </span>
    </p>
   </div>
  </div>
 </body>
</html>
