1818 3189
186 183 279 225 lviii

493 181 544 222 P.
568 180 619 221 P.
645 175 898 221 D'OBREE
929 172 1328 218 ADVERSARIA

233 299 287 332 11,
299 298 328 325 1.
346 295 428 324 Male
439 295 590 324 Slunerus
600 291 735 331 explicat
745 290 901 330 σφαγεῦσι.
935 286 1058 323 ὁπόσοις.

191 338 278 378 φόνος,
293 350 311 368 α
329 339 444 378 private
464 335 778 374 τηιιν(1ει.·σφαγῆ,α
795 343 902 364 massa-

192 392 251 417 ere,
267 381 335 411 soil.
349 382 380 410 in
398 385 482 410 motu
496 379 591 410 civili.
607 378 652 408 ita
665 377 810 416 Xenoph.
826 381 885 407 etc.

234 427 351 460 11,12.
373 423 528 466 Μουνιχίαν
542 433 575 452 τε
591 420 762 454 κατέλαβον.
793 419 903 450 Malim

176 467 408 506 ’κατελάβομεν.
431 467 574 505 Xenopli.
590 469 620 497 2.
639 468 670 495 4.
690 467 740 494 11.

242 514 292 545 11,
307 512 357 539 14.
381 508 512 549 Πειραιῶς
524 509 620 539 Wolf.
632 509 668 538 ad
685 508 773 546 Lept.
786 517 815 546 p.
829 507 904 539 229.

196 558 308 582 caetera
323 557 427 581 contra
443 551 607 582 Reiskium
623 551 802 581 defendens.

239 597 355 631 11,26.
382 595 461 624 Vide
476 594 513 624 ad
530 597 562 630 7,
575 597 626 626 39.

247 641 301 674 11,
330 640 382 668 21.
435 636 631 678 ἐψηφίσασθε,
678 636 904 675 δοκιμάσαντας.

198 680 297 708 Recte
321 680 536 718 δοκιμάσαντας
559 681 602 711 H.
621 682 666 710 St.
694 690 725 717 p.
741 681 792 713 12,
809 681 861 707 10.
876 682 907 706 et

196 722 241 751 sio
257 732 315 751 ms.
333 722 413 751 Vide
429 723 467 751 ad
481 721 565 752 Plut.
579 725 652 753 286.
667 721 799 761 (interld.
811 720 908 759 copy)

196 765 298 803 Supra
314 775 346 803 p-
357 767 391 800 ’7,
410 768 445 795 2.
457 764 675 803 ἐξεγγυηθέντας
690 764 721 806 (-
736 774 784 798 τες
800 764 906 793 Bekk.

195 818 212 836 e
227 807 355 837 Sluiteri
370 809 507 845 emend.)

239 853 294 890 11,
310 853 363 881 27.
402 851 551 885 Primum,
576 848 734 889 νομοθέται
759 858 777 877 a
802 852 910 878 senatu

196 893 270 922 lecti
283 894 321 923 ad
338 893 460 922 Solonis
478 894 562 931 leges
579 894 712 931 undique
727 892 910 929 conquiren-

197 936 261 966 das.
279 937 316 974 (s.
335 937 396 974 leg.
412 937 434 965 οῖ
451 935 496 966 ἤδη
507 934 663 975 ᾔςημὲνοι.)
692 934 812 963 Deinde
824 944 842 962 a
857 943 910 971 po-

196 979 357 1017 pularibus
369 979 433 1013 alii,
449 988 573 1007 numero
589 975 760 1016 quingenti,
771 986 789 1004 a
805 978 911 1004 senatu

197 1021 291 1057 lecti;
326 1022 376 1059 qui
411 1030 479 1050 cum
508 1020 685 1060 quingentis
720 1017 912 1047 senatoribus

193 1064 310 1101 justum
326 1068 356 1093 et
379 1063 522 1093 usitatum
545 1072 704 1092 numerum
724 1061 808 1090 mille
829 1070 912 1099 νομο-

198 1104 286 1134 θετων
299 1107 495 1136 conficerent.

243 1148 316 1189 [54]
335 1153 386 1184 11,
395 1152 449 1179 30.
474 1150 569 1185 Lege,
580 1146 723 1176 ἐπειδὰν
713 1144 913 1185 ομωμᾶκωσιν.

242 1194 296 1226 11,
306 1195 360 1222 38.
381 1188 434 1231 ἱρά
452 1202 484 1229 γε
505 1190 570 1220 ἰ’στε
600 1191 696 1224 τοῦτο,
712 1188 756 1219 δ’τι
780 1188 807 1217 οὗ
823 1198 914 1227 περιε-

200 1232 338 1264 λέλειπτο
354 1234 415 1274 wega
435 1233 508 1263 ὁ’.του
524 1233 573 1263 vel
598 1233 704 1272 potius
717 1228 773 1271 aigei
788 1241 820 1283 ἵε
836 1230 914 1260 δῆλόν

200 1277 249 1305 vel
269 1285 352 1317 φανερ
354 1276 378 1306 ἄν
395 1276 460 1306 ἐστι
482 1293 535 1306 -.
555 1281 619 1305 tum
636 1275 658 1304 l.
682 1275 758 1315 ἀςχη
778 1274 800 1303 εἰ
803 1274 912 1310 σάγειν,

202 1319 270 1349 scil.
290 1318 373 1350 δίκην.
419 1320 546 1349 Sublato
569 1319 653 1347 τοῦτο
677 1318 764 1347 facile
783 1322 842 1352 est,
858 1313 914 1355 Zela

201 1371 234 1398 γε
250 1360 329 1392 ἔστιν
339 1374 382 1392 οτι
391 1360 618 1401 περιελελειπτο
631 1365 663 1389 ut
679 1371 710 1399 p.
720 1361 773 1394 12,
790 1361 843 1389 14.
867 1361 914 1388 An

200 1402 255 1444 ἆρά
267 1404 300 1443 γέ
310 1404 387 1435 ἐστιν
403 1403 539 1434 ἐνταυ6ὶ”
524 1417 535 1433 ο
547 1415 577 1433 τι
590 1409 698 1442 πεςιελ.
711 1402 782 1432 vide
794 1405 915 1438 12,14.

245 1450 301 1483 11,
316 1452 368 1479 44.
405 1447 452 1476 καί
481 1459 532 1486 μοι
559 1444 692 1484 ἀναγνωθι
704 1463 746 1468 --
764 1445 824 1485 περὶ
862 1444 917 1479 ἑνὸς

203 1490 334 1520 delenda
360 1491 514 1521 videntur.
560 1489 658 1519 Recte
684 1488 794 1519 inserit
823 1498 917 1537 supra

200 1533 254 1563 lin.
270 1535 323 1564 37.
345 1534 454 1564 Codex
471 1531 598 1571 Ciipps.

248 1579 301 1612 12,
317 1580 348 1609 5.
363 1578 440 1607 et'7.
457 1576 582 1610 Malim,
599 1575 670 1614 δημ.
686 1586 721 1615 τῃ
739 1572 830 1604 πόλει.

247 1621 301 1653 12,
320 1622 370 1649 18.
395 1619 505 1649 Potius
519 1628 587 1648 cum
611 1617 719 1647 Reisk.
741 1617 842 1646 malim
867 1614 916 1645 καὶ

203 1664 258 1692 τῶν
273 1661 352 1697 δέκα,
368 1672 457 1700 quam
476 1672 546 1691 cum
560 1660 689 1691 Valesio
704 1659 752 1689 καὶ
771 1658 828 1689 τῶν
848 1658 917 1687 δέκα

204 1706 251 1734 καὶ
263 1707 318 1734 τῶν
334 1704 438 1741 ἕνδεκα,
456 1705 586 1734 Emend.
601 1714 633 1742 p.
648 1705 701 1733 41.
733 1703 796 1732 Sed
811 1702 917 1731 nescio

204 1758 242 1778 an
259 1749 441 1778 sententiam
457 1757 542 1777 suam
557 1745 726 1786 paullulum
742 1744 918 1780 immutavit

205 1792 255 1821 vir
269 1801 404 1821 summus
419 1791 456 1820 ad
473 1791 628 1828 Harpnor.
643 1799 676 1828 p.
690 1790 765 1818 267.

249 1836 301 1869 12,
319 1835 371 1864 30.
395 1833 479 1873 Lege
495 1833 611 1872 potius,
629 1831 686 1861 τῶν
701 1832 750 1862 τὴν
765 1832 814 1869 γῆν
835 1841 918 1870 γεωρ·

205 1887 335 1914 γουντων.

250 1922 303 1955 12,
319 1921 372 1950 36.
390 1929 468 1952 ουτος
488 1930 500 1947 ο
523 1927 604 1956 νομος
627 1916 675 1946 καῖ
699 1915 826 1956 πρότερον
839 1913 870 1945 ἠν
884 1914 920 1950 ὡς

206 1962 302 1996 καλῶς
316 1961 390 2003 ἔχων
404 1962 453 1991 καὶ
473 1972 515 1991 νυν
537 1959 602 1990 ἐστι
622 1959 672 1989 καὶ
695 1957 802 2001 χρῆσθε
827 1957 918 1997 αὐτῷ’.

205 2005 317 2035 Possis
343 2007 379 2039 ὡς
401 2004 499 2038 καλως
521 2002 595 2044 ἔχων
622 2002 800 2043 parenthesi
822 2001 920 2030 inclu-

206 2048 292 2083 dere,
331 2049 375 2078 lex
407 2048 510 2088 (quam
536 2046 643 2084 pulcra
656 2045 697 2088 !).
741 2044 920 2080 Tentabam,

204 2102 244 2126 ος,
258 2090 354 2125 παλαις
369 2089 453 2131 ἔχων,
468 2090 516 2119 καὶ
531 2100 573 2119 νυν
587 2106 640 2119 —.

248 2136 301 2168 12,
318 2136 370 2164 40.
394 2134 494 2171 Marg.
510 2132 609 2162 Arist.
626 2132 686 2170 Eq.
700 2132 797 2161 1278.

250 2176 325 2216 [55]
342 2178 393 2210 13,
409 2178 460 2206 12.
485 2174 530 2205 ἐάν
554 2186 599 2208 τις
614 2174 747 2215 τυραννεῖν
760 2172 921 2213 ἔπανίιστῃ.

207 2219 366 2257 Aristoph.
390 2219 514 2248 Tliesm.
534 2220 608 2248 345.
635 2218 649 2248 ἢ
664 2216 797 2257 τυραννεῖν
811 2214 922 2251 ἐπινοεῖ,

202 2260 240 2291 Ἢ
255 2261 301 2291 τὸν
316 2261 441 2300 τύραννον
459 2260 663 2299 συγκατάγειν.
710 2259 798 2289 Unde
820 2258 922 2297 possis

207 2303 319 2333 ἔπινοων
358 2303 507 2334 ἔπανάστη
531 2321 584 2332 -.
608 2303 715 2333 Possis
751 2302 843 2331 etiam
874 2299 922 2331 ἐπὶ

208 2346 251 2385 τῷ
279 2349 415 2387 τυραννεῖν
443 2345 604 2387 ἐπανάστῃ.
653 2347 747 2375 Certe
777 2344 923 2374 mendosa

209 2390 346 2427 vulgata.

251 2435 305 2467 13,
322 2435 373 2462 18.
397 2429 500 2460 ὁπόσοι
521 2430 549 2460 δὲ
577 2428 646 2470 &gnon
667 2434 727 2460 elc-
742 2445 785 2451 -—
801 2427 859 2457 λύω
875 2426 925 2456 καὶ

208 2471 327 2514 ἀφίημι.
350 2476 412 2526 Q²u.
432 2478 532 2503 utrum
553 2473 673 2503 dicatur
695 2471 766 2502 λύειν
788 2470 871 2510 δ’ςκον,
887 2480 923 2499 an

209 2519 283 2548 λύειν
308 2516 355 2548 τὸν
374 2515 535 2557 ὀμόσαντα.
570 2516 603 2546 Si
628 2516 697 2550 hoo,
720 2514 811 2545 saone
836 2519 925 2554 potes

981 334 1033 367 15,
1051 332 1104 361 27.
1145 326 1281 364 ἐδούλευες
1303 328 1474 369 optimum3
1509 328 1564 359 sed
1596 337 1648 367 qu.

938 373 1093 409 ἒβούλευες,
1103 377 1136 404 ut
1151 384 1183 412 p·
1197 373 1250 406 12,
1267 375 1320 403 40.

985 420 1035 453 13,
1052 419 1104 449 27.
1123 428 1146 447 ει
1141 422 1189 445 ’τα
1200 426 1236 445 συ
1246 425 1282 446 πε
1272 428 1307 456 ga
1323 414 1461 455 {ungulae
1476 413 1540 454 ἐμοὶ
1553 413 1650 454 μνείαν

939 461 1031 501 «ποιῇ,
1054 461 1126 492 Non
1147 458 1291 489 continuo
1314 459 1515 498 affingendum
1538 457 1652 486 crimen

939 503 1074 543 ἑταιρείας
1094 499 1264 533 Andocidi
1287 504 1399 532 Forsan
1417 502 1447 531 in
1462 501 1593 539 aliquem
1610 509 1650 528 ex

941 548 1005 585 ejus
1031 546 1168 586 patronis
1190 544 1268 586 (τοις
1288 543 1428 586 ᾑρημένοις
1450 542 1596 577 συνδικειν,
1618 552 1651 582 p.

942 592 994 625 1,9
1011 591 1082 628 31.)
1104 590 1162 619 hoc
1184 590 1304 626 jecerat
1319 592 1491 618 aecusator.
1534 584 1654 619 Similia

942 633 1103 663 Demosth.
1126 633 1164 662 F.
1189 632 1225 661 L.
1252 642 1283 670 p.
1295 633 1371 667 403,
1394 632 1445 661 26.
1462 631 1559 660 R.—
1515 653 1559 660 .-

940 677 981 706 43
972 677 1015 710 ν5,
1035 677 1139 705 18.—
1097 698 1139 704 -..

986 720 1038 753 13,
1052 721 1105 749 34.
1122 717 1176 758 οὐχ
1189 714 1266 750 οἶτος
1283 717 1424 756 ὑπνρχεςν
1447 715 1515 744 scil.
1531 713 1543 743 ὅ
1562 723 1651 742 κατη-

942 772 1074 801 regno-mv.
1098 762 1186 791 Dein.
1204 761 1243 790 de
1257 761 1330 790 Cor.
1348 769 1380 798 p·
1396 761 1471 794 260,
1484 759 1516 788 5.
1541 758 1578 786 R.
1592 756 1654 785 Sed

1623 632 1655 657 et

945 845 1084 883 suspicor
1104 846 1166 884 leg.
1191 845 1360 886 ουπιχαρ.,ς.
1403 844 1523 873 Nomen
1539 840 1654 880 requiri

945 888 1077 918 videtur.

992 930 1067 969 [56]
1095 932 1147 964 13,
1163 931 1217 958 40.
1245 928 1332 961 δοκεις
1346 925 1389 957 οὖν
1402 928 1547 968 χαιρήσειν
1571 925 1586 958 ἢ
1609 926 1658 957 οὐκ

946 971 1034 1001 ame.
1056 971 1138 1009 Lege
1149 981 1196 1000 και
1212 969 1269 1000 οὒκ

992 1016 1044 1048 13,
1058 1015 1111 1043 41.
1134 1013 1231 1051 Lege,
1246 1007 1302 1051 ἐξα
1321 1011 1372 1052 [μ’
1381 1011 1438 1064 ἒιν]ξ
1443 1010 1542 1042 vieo-Ge.

945 1053 1002 1095 εἶξα
1013 1055 1047 1085 οἲν
1059 1054 1146 1086 οἴεσθε
1160 1073 1202 1079 ——-
1216 1056 1317 1096 τυχεῖν
1326 1065 1367 1094 με
1383 1054 1417 1084 δι’
1427 1056 1517 1094 ὑμας.

992 1102 1090 1134 14,1.
1113 1099 1197 1137 Lege
1222 1109 1290 1127 cum
1308 1098 1455 1133 Sluilero,
1471 1099 1551 1127 κατὰ
1567 1095 1658 1135 sistiqu-

948 1153 1016 1180 σμα
1028 1141 1075 1171 καὶ
1089 1142 1216 1180 πρότερον
1225 1151 1361 1181 γεγενημε
1352 1152 1412 1176 -νον,
1419 1140 1466 1170 καὶ
1480 1140 1541 1179 mg«.
1554 1139 1662 1179 ἑτὲςων.

949 1185 1029 1214 Vide
1043 1197 1072 1225 p.
1089 1185 1168 1220 10,
1151 1195 1182 1215 o.
1201 1187 1255 1218 12,
1264 1184 1322 1214 15.
1337 1184 1362 1212 V
1367 1184 1418 1214 ide
1431 1189 1462 1213 et
1472 1194 1505 1223 p.
1516 1185 1570 1219 14,
1587 1185 1618 1213 8.
1629 1184 1661 1213 9.

993 1230 1045 1263 14,
1063 1230 1092 1257 6.
1116 1227 1161 1256 ua}
1175 1229 1215 1257 τὰ
1232 1226 1367 1266 ψηφισμ.
1392 1227 1471 1256 Dele
1484 1226 1573 1256 artic.

993 1273 1045 1306 14,
1064 1270 1220 1300 1⁶2..Vide
1234 1271 1309 1308 Lys.
1324 1281 1354 1309 p.
1373 1271 1448 1305 178,
1466 1271 1518 1299 19.

993 1316 1045 1348 14,
1061 1315 1113 1343 17.
1151 1313 1230 1342 Vide
1247 1312 1432 1352 Antiphont.
1457 1322 1490 1350 p.
1505 1312 1581 1346 138,
1606 1311 1664 1341 42.

950 1356 1094 1386 Ceterum
1106 1355 1222 1391 malim,
1241 1354 1255 1386 ἢ
1273 1355 1454 1394 συκοφάντας
1471 1353 1663 1395 παρασκευά-

951 1396 1062 1437 ζεσθαι,
1088 1398 1153 1428 sine
1178 1399 1267 1429 attio.
1293 1403 1325 1428 et
1347 1398 1525 1428 vertendum
1542 1401 1563 1416 “
1577 1406 1666 1436 syou-

949 1442 1080 1481 phanias
1106 1441 1224 1480 aliquos
1254 1441 1315 1470 sibi
1342 1441 1490 1470 satellites
1516 1438 1665 1480 parare:''

950 1484 1039 1523 plane
1055 1488 1089 1514 ut
1099 1485 1152 1514 ille
1167 1484 1249 1524 apud
1262 1484 1465 1523 Xenophont.
1488 1482 1664 1513 Memorab.

952 1531 1005 1561 11,
1018 1529 1047 1557 9.
1093 1528 1209 1557 Sensus
1230 1531 1290 1563 est,
1309 1528 1422 1562 πεῖσαι,
1446 1530 1479 1556 ut
1502 1525 1616 1565 Lysias
1632 1535 1664 1565 p.

952 1572 1026 1605 110,
1044 1574 1074 1600 1.
1085 1573 1136 1601 13.
1150 1571 1205 1600 sed
1223 1570 1280 1600 hoc
1292 1570 1405 1610 ipsum,
1422 1569 1543 1608 opinor,
1558 1568 1663 1608 signif.

951 1624 1080 1652 παρασκ.
1095 1612 1178 1643 Vide
1189 1613 1267 1642 ibid.
1282 1624 1314 1652 p.
1326 1616 1401 1648 110,
1412 1616 1444 1642 1.
1454 1617 1496 1649 et,
1512 1611 1663 1651 quilocus

951 1656 1106 1695 vulgatam
1122 1665 1182 1685 non
1198 1656 1409 1686 solicitandam
1424 1655 1528 1690 docet,
1543 1665 1574 1693 p.
1589 1658 1664 1691 144,

951 1702 1003 1730 33.
1027 1697 1109 1733 οὐδείς
1133 1709 1179 1728 πω
1203 1700 1261 1728 τῶν
1283 1699 1426 1739 ἀςχόντων
1440 1716 1484 1721 -
1498 1696 1666 1740 ἈλκιΒιαδῃ

952 1746 981 1772 ἠν
1001 1741 1281 1782 παρεσκευασμένος,
1303 1741 1437 1781 defensor
1467 1741 1536 1771 scil.
1580 1742 1665 1780 Ergo

951 1789 1051 1820 verte,
1067 1795 1099 1814 or
1119 1784 1202 1814 make
1223 1791 1312 1815 terms
1335 1783 1407 1814 with
1430 1783 1478 1814 the
1498 1793 1558 1823 syc.
1548 1793 1668 1824 ,παςα-

952 1826 1108 1867 σκευαζειν,
1123 1831 1230 1857 contra
1246 1828 1337 1858 alium
1354 1837 1474 1866 parare,
1489 1838 1522 1867 p.
1538 1828 1591 1861 16,
1601 1828 1636 1856 7.

996 1873 1048 1906 14,
1065 1873 1119 1901 22.
1141 1871 1247 1902 Schol.
1263 1870 1361 1902 Arist.
1383 1870 1518 1900 Acharn.
1536 1871 1613 1900 233.
1632 1867 1666 1899 τὸ

952 1912 1010 1943 ἀπὸ
1024 1915 1078 1947 τῆς
1090 1919 1171 1943 Παλ.

998 1958 1051 1992 15,
1069 1960 1098 1986 1.
1122 1956 1204 1995 νόμος
1218 1955 1245 1986 δὲ
1259 1952 1305 1996 35⁹]
1337 1957 1421 1994 Lege
1439 1954 1466 1986 δὲ
1483 1955 1522 1986 εἴη
1537 1956 1576 1985 ob
1593 1965 1666 1985 eon-

954 2002 1063 2030 struct.
1078 2005 1109 2029 et
1119 1999 1192 2029 vide
1204 2010 1236 2038 p.
1249 2000 1302 2034 15,
1315 1999 1369 2030 25.
1383 1998 1468 2029 ubil.
1482 1997 1668 2037 ἐξηγήσαιτο.

954 2042 1037 2072 Vide
1052 2042 1103 2072 hic
1121 2053 1153 2082 p.
1169 2044 1221 2072 87.
1314 2067 1317 2069 .

955 2106 958 2108 -
1000 2085 1052 2121 15,
1069 2088 1099 2116 2.
1124 2085 1223 2115 Recte
1244 2088 1279 2113 ut
1301 2083 1413 2123 opinor
1433 2083 1606 2114 Sluiterus:
1629 2084 1668 2114 de

954 2127 1102 2169 κατέσχον
1117 2128 1188 2158 vide
1201 2138 1235 2179 p.
1252 2129 1283 2163 6,
1300 2129 1352 2158 33.

1000 2172 1052 2208 15,
1070 2173 1124 2202 28.
1148 2172 1184 2201 L.
1200 2170 1303 2200 ἔπειτα
1324 2168 1353 2200 δὲ
1377 2168 1458 2208 νόμον
1477 2167 1600 2209 «πάτριον
1620 2167 1669 2199 λέ-

956 2224 1024 2253 γεις.
1048 2216 1118 2244 Non
1136 2213 1272 2244 deterius
1296 2216 1377 2243 esset
1399 2211 1498 2251 νόμους
1515 2211 1670 2252 ωατςίους.

956 2258 1028 2288 vide
1043 2268 1075 2296 p.
1091 2259 1168 2288 415.
1191 2256 1253 2290 Sed
1269 2266 1328 2285 non
1343 2265 1441 2294 opus:
1463 2265 1494 2293 p.
1511 2257 1565 2290 13,
1581 2257 1634 2285 27.

1001 2301 1055 2335 15,
1079 2302 1132 2331 33.
1166 2299 1253 2340 τάχα
1279 2300 1335 2338 γᾶς
1358 2296 1587 2338 ἴαν-Βούλεσθε]
1622 2297 1671 2328 vel

957 2343 1026 2372 dele
1043 2342 1076 2372 ἂν
1092 2343 1142 2373 vel
1157 2343 1227 2382 lege
1242 2340 1401 2375 Βούλοισθε.

1002 2387 1056 2421 15,
1072 2387 1126 2416 37.
1150 2387 1191 2415 Et
1206 2385 1277 2414 alibi
1290 2388 1410 2424 postea.
1432 2383 1564 2421 Leager,
1576 2382 1671 2413 Glau-

957 2428 1044 2458 eonis
1065 2428 1108 2458 fil.
1133 2433 1165 2458 ut
1186 2431 1270 2458 recte
1294 2430 1428 2457 statuere
1449 2425 1573 2455 videtur
1591 2425 1672 2455 Slui·

959 2476 1043 2500 terus
1069 2482 1102 2510 p
1129 2473 1183 2503 95.
1216 2470 1297 2501 Vide
1322 2479 1391 2500 mea
1416 2468 1454 2499 ad
1482 2469 1592 2499 Athen.
1620 2471 1672 2499 11.

1587 994 1655 1041 Ιωό
