1818 3189
226 191 311 233 366

268 295 468 327 debilitatam.
503 298 558 333 87,
587 299 618 328 6.
648 298 805 329 ἀποδιδόναι
833 300 939 330 ἀπολο-

267 338 340 378 γίαν.
360 351 414 370 reo
435 339 569 370 debitam
589 341 663 372 dare
686 343 862 373 facultatem
885 344 938 374 de-

267 383 426 413 fensioni&
445 385 521 420 112,
537 387 567 415 8.

225 426 395 467 ἀποκαλεῖν]
437 437 493 466 per
529 426 706 459 convicium
743 429 937 469 appellitare.

269 472 304 498 1]
314 471 346 504 9,
361 472 392 499 4.

224 510 424 552 ἀποκερδαίνειν
453 510 575 555 ἒραχὲα.
598 524 707 554 parum
733 515 807 555 quid
833 516 937 546 lucelli

269 565 310 584 ex
327 555 428 595 aliqua
439 566 472 585 re
488 557 626 588 aufferre.
652 560 705 594 67,
721 561 753 590 3.

224 597 394 638 ἀποκληροῦν
430 598 540 632 Βουλήν.
572 611 629 640 per
667 607 766 633 sortes
798 608 936 633 senatum

267 647 424 680 cooptare.
443 644 498 679 39,
514 644 546 672 7.

223 683 422 725 ἀποκομίζειν]
444 683 638 725 ἀπεκομίσθην
651 686 796 727 φερόμενος
810 687 857 718 ἐπὶ
873 687 936 719 κλί-

267 737 311 762 νης
324 728 426 758 οἴκαδε.
442 729 596 759 referebat
611 731 745 761 domum.
771 733 824 767 30,
841 735 871 763 2.

223 769 369 800 ἀποκοπαὶ
396 773 494 813 χρεῶν.
528 772 735 813 Banquerouts
757 774 936 815 [bankrupt-

265 813 350 854 ciesj.
365 817 418 851 42,
435 820 536 854 antep.

224 855 395 887 ἀποκτείνειν
410 858 449 888 de
464 862 640 889 accusatore
653 863 715 889 tam
730 860 842 891 acriter
857 865 937 891 atro-

267 898 404 939 citerque
434 912 519 931 reum
550 902 729 938 insectante,
757 908 791 933 ut
815 904 937 942 judices

265 947 445 981 permoveat
458 945 495 974 ad
512 943 674 976 dicendam
692 946 721 976 ei
741 947 848 977 mortis
869 957 936 977 sen-

267 985 403 1016 tentiam.
427 988 502 1024 131,
519 989 576 1018 ult.
599 991 673 1024 132,
693 992 743 1020 12.
764 990 830 1029 pari
844 991 935 1021 modo

266 1032 388 1068 quoqne
405 1034 437 1059 et
459 1031 540 1069 apud
557 1032 685 1061 Graecos
707 1032 887 1075 κατακρίνειν,
904 1040 937 1063 et

265 1071 393 1102 Latinos
408 1073 599 1104 condemnare
613 1079 788 1114 usurpatur,
799 1087 856 1117 pro
871 1077 934 1107 effi-

265 1113 389 1155 ciendo,
404 1119 439 1145 ut
452 1116 521 1155 quis
537 1118 767 1150 condemnetur.

222 1156 439 1198 ἀπολαμβάνειν
461 1158 547 1200 χρέα.
569 1171 630 1190 aera
653 1161 758 1191 debita
781 1163 933 1203 redigere.

267 1202 319 1235 96,
331 1204 360 1233 9.
373 1203 412 1231 τά
425 1203 479 1240 γὰρ
492 1201 620 1242 σφέτερα
632 1204 723 1234 αὐτῶν
735 1204 768 1234 ἔκ
782 1207 833 1238 τῆς
842 1207 933 1246 ὑπερ-

263 1241 336 1282 ορίας
353 1243 400 1274 οὐκ
419 1245 647 1285 ἀπολαμβάνειν.
670 1250 745 1284 107,
770 1250 801 1278 3.
822 1249 863 1278 nil
883 1260 933 1278 ex-

264 1288 381 1325 pressis
397 1288 501 1318 verbis
516 1293 637 1319 cautum
654 1290 694 1320 sit
714 1291 753 1320 de
769 1292 934 1321 restituen-

264 1329 314 1359 dis
327 1331 429 1366 bonis,
440 1331 465 1360 si
478 1341 546 1369 quae
557 1332 678 1362 civibus
691 1333 932 1364 Atheniensibus

262 1371 296 1402 iu
313 1373 377 1402 solo
391 1379 499 1403 extero
515 1379 629 1411 essent,
644 1386 698 1414 per
713 1377 828 1406 bellum
844 1377 934 1407 amis-

265 1425 310 1451 sa,
330 1417 392 1453 vel,
408 1417 490 1456 quod
504 1417 618 1452 malim,
634 1419 673 1448 de
687 1419 800 1449 debitis
815 1419 934 1450 diluen-

264 1458 326 1494 dis,
344 1470 411 1498 quae
431 1459 538 1489 inoolae
560 1460 617 1490 soli
637 1462 805 1501 peregrini,
824 1463 934 1493 ditioni

264 1501 377 1532 Atticae
396 1512 455 1532 non
472 1503 611 1538 obnoxii,
631 1505 712 1544 apud
732 1506 831 1545 ipsos,
848 1506 934 1536 cives

265 1544 482 1582 Athenienses,
498 1546 740 1578 contraxissent.
766 1548 836 1579 lVas
850 1549 934 1591 hiilf'e

264 1586 355 1618 ihnen
376 1588 636 1630 (Atheniensem)
652 1591 700 1620 ez'n
726 1591 862 1633 Vertrag,
879 1593 933 1623 da-

262 1630 350 1660 rinne
361 1631 414 1661 der
424 1631 655 1673 Artikelfehlte,
667 1634 732 1664 dass
742 1635 788 1664 die
790 1634 933 1676 fremden

263 1672 425 1714 Kovfleute
438 1685 493 1704 von
509 1676 566 1705 den
583 1676 771 1716 Obrigkeiten
784 1679 859 1709 iedes
875 1679 933 1708 Or-

263 1721 303 1745 tes
317 1717 493 1757 angehalten
508 1719 623 1748 werden
635 1720 747 1755 senten,
759 1721 847 1751 ihnen
856 1721 933 1761 (den

263 1758 498 1791 Handelsleuten
513 1770 550 1790 :u
567 1762 696 1800 Athen),
706 1763 770 1793 ihre
785 1763 932 1794 Schulden

264 1811 303 1831 211.
332 1803 479 1839 bezahlen,
508 1804 555 1833 die
581 1806 631 1841 sie,
658 1806 871 1837 Handelsleute
895 1818 932 1838 :10

263 1844 374 1879 Athen.
393 1857 433 1876 an
452 1846 683 1888 ienensi·emde7z
700 1849 932 1880 Handelsleuten

264 1887 421 1929 zufodern
442 1888 543 1919 hutten
567 1889 663 1930 [what
677 1892 779 1932 benefit
793 1894 878 1923 could
901 1894 932 1924 be

264 1931 382 1961 derived
397 1932 432 1971 by
442 1932 520 1962 them
536 1932 604 1973 (the
620 1934 897 1976 Athenians)from
913 1948 932 1966 a

264 1979 393 2013 compact
402 1974 495 2004 which
505 1976 661 2006 contained
672 1979 854 2016 nnprovision
867 1979 932 2008 that

253 2015 382 2057 foreign
396 2017 560 2048 merchants
574 2018 677 2049 should
700 2020 730 2050 be
748 2023 878 2051 arrested
896 2022 931 2062 by

264 2059 314 2089 the
327 2060 501 2091 authorities
515 2060 629 2101 tgfeach
642 2062 788 2104 placefor
797 2064 844 2093 the
858 2075 931 2104 pay-

262 2108 342 2132 ment
354 2102 390 2144 ff
395 2103 465 2134 such
479 2104 558 2134 debis
570 2111 598 2135 to
612 2105 689 2136 them
705 2107 774 2144 (the
784 2107 932 2138 Athenian

264 2146 461 2185 mercMnts),
477 2156 509 2176 as
530 2147 610 2188 they,
626 2148 674 2179 the
690 2148 841 2179 Athenian
857 2161 931 2180 mer-

263 2188 378 2225 chunis,
404 2189 499 2230 might
524 2189 595 2220 have
619 2197 648 2222 to
672 2192 799 2222 demand
826 2192 861 2234 of
883 2193 933 2224 the

255 2230 381 2272 foreign
395 2233 586 2274 merchantsj.

216 2274 391 2305 ἀπολείπειν
409 2277 458 2306 τῆν
476 2275 612 2317 πατρίδα.
635 2280 709 2314 117,
724 2281 754 2309 2.
776 2278 816 2309 de
835 2288 932 2309 uxore

265 2318 405 2348 maritum
421 2320 594 2349 deserente.
618 2323 692 2356 118,
709 2323 740 2352 3.

220 2360 395 2401 ἀπολλύναι]
411 2360 503 2392 ἐπειδὴ
519 2360 586 2400 ἐ’γνω
601 2363 798 2405 ἀπολούμενος.
814 2367 867 2402 82,
879 2367 932 2396 15.

265 2403 408 2434 ἀπολέσαι
425 2404 519 2443 κύριοι.
541 2416 670 2444 quorum
691 2407 840 2438 sententia
856 2408 931 2438 satis

264 2447 348 2476 valet
364 2446 400 2476 ad
425 2447 607 2486 supplicium
631 2456 796 2481 extremum
818 2450 931 2480 homini

265 2488 530 2519 consciscendum.
555 2493 627 2527 115,
644 2495 694 2523 10.

220 2531 429 2571 ἀπολογεῖσθαι
450 2531 504 2563 οὐδ’
522 2533 602 2573 αὐτῷ
624 2535 692 2576 ὑπὲρ
715 2536 815 2566 ἑαυτοῦ
836 2535 931 2576 ἔξεστι

265 2577 345 2606 κατὰ
360 2577 424 2609 τοὺς
435 2574 541 2615 νόμους.
566 2579 619 2612 50,
634 2580 665 2607 4.

222 2616 377 2657 ἀπολογίαν
390 2619 607 2657 dicitur-judex
619 2620 787 2658 ἀποδιδόναι,
800 2633 870 2654 cum
880 2633 932 2653 reo

264 2661 451 2692 defensionis
466 2662 585 2701 copiam
601 2663 686 2693 facit.
713 2666 786 2700 11⁶2,
802 2667 832 2695 8.

220 2703 456 2744 ἐπολοφύρεσθαι
471 2705 575 2735 ἑαυτόν.
598 2708 652 2742 83,
671 2708 703 2737 5.

220 2746 420 2788 ἀπόμνυσθαι]
438 2748 559 2778 infitiari
580 2759 647 2779 cum
659 2751 729 2789 jure
740 2750 881 2789 jurando,
899 2754 932 2780 ut

266 2790 293 2819 si
317 2790 386 2829 quis
409 2791 538 2830 aliquem
562 2791 657 2822 filium
680 2803 749 2822 esse
773 2803 861 2823 suum
881 2795 930 2833 ju-

264 2837 350 2862 ratus
365 2840 466 2872 neget.
489 2836 542 2869 63,
559 2836 610 2864 12.

221 2876 318 2905 ἄπονον
333 2876 415 2917 χάριν
428 2875 483 2906 τινὶ
497 2876 601 2907 διδόναι.
624 2877 750 2917 gratiam
769 2878 929 2920 indulgere

264 2917 434 2956 indulgenti
452 2920 530 2949 haud
547 2921 715 2951 molestam.
741 2923 793 2957 86,
812 2925 864 2953 12.

219 2961 435 3001 ἀποπειρᾶσθαι
446 2964 496 2995 τῆς
511 2962 650 3004 ὑμετέρας
661 2965 785 3002 γνώμης.
809 2965 863 3001 52,
879 2967 928 2996 15.

218 3002 337 3045 ἀπορία]
356 3003 393 3039 εἷς
408 3004 507 3036 πενίαν
521 3009 629 3038 πολλὴν
641 3007 688 3037 καὶ
710 3006 823 3047 ἀπορίαν
837 3007 924 3038 κατέ-

663 190 860 232 lNDEX
891 190 1268 235 GRAECITATIS

1017 310 1098 331 στην.
1119 301 1173 337 71,
1201 302 1256 331 ult.
1279 299 1382 340 ἀπορία
1409 300 1516 340 ἀνδρῶν.
1544 302 1682 334 desectus

1016 343 1164 380 virorum,
1185 354 1255 374 cum
1278 345 1351 374 urbs
1375 344 1484 374 incolis
1507 354 1611 385 parum
1632 351 1682 377 est

1015 386 1169 426 frequens,
1185 397 1273 427 paene
1289 387 1437 417 desolata.
1457 389 1513 424 74,
1527 389 1558 418 3.

972 428 1138 470 ἀπόῤῥητος]
1163 430 1188 460 ἐν
1210 431 1354 472 ἀποῤῥήτςο
1375 429 1590 470 συλλαμβάνειν
1606 432 1683 462 τινά..

1015 473 1099 503 einen
1121 473 1267 509 heimlich,
1283 483 1361 514 ganz
1383 474 1415 504 in
1434 474 1487 503 der
1508 473 1594 504 Stille
1609 473 1680 515 ‘¹¹tf·

1016 513 1115 553 heheu,
1126 518 1191 546 und
1205 515 1364 558 einfizhren
1374 516 1465 546 lassen
1482 516 1527 557 [to
1539 518 1611 547 seize
1621 518 1683 548 and

1014 558 1150 597 imprison
1165 570 1224 599 any
1240 570 1292 590 one
1308 559 1464 599 privately,
1481 560 1542 589 and
1562 561 1595 590 in
1613 569 1681 599 per-

1004 599 1075 641 fect
1093 603 1232 644 secrecy}
1260 605 1313 638 22,
1335 602 1391 632 ult.
1413 602 1557 644 ἀπόῤῥητα
1575 601 1613 637 εἷς
1631 604 1681 635 τῆν

1014 643 1113 676 eoum
1134 644 1339 684 εἰσαγγέλλειν.
1354 655 1462 675 arcana
1475 646 1606 684 prodere
1620 656 1680 676 non

1013 691 1127 718 temere
1152 689 1316 719 efferenda.
1344 690 1398 724 76,
1423 691 1453 719 6.
1482 686 1508 718 ἐν
1535 688 1681 730 ἀπορῥήτῳ

1014 729 1109 761 ἴσασι.
1131 731 1194 771 ipsi
1217 732 1340 771 quidem
1363 731 1474 768 sciunt,
1492 742 1600 762 verum
1621 733 1680 762 sub

1013 772 1074 803 fide
1090 774 1205 804 silentii
1222 773 1374 804 servandi.
1398 776 1451 811 84,
1464 774 1522 805 ult.
1545 774 1565 804 ἃ
1579 774 1628 804 καὶ
1644 774 1682 816 τῇ

1014 815 1103 858 Βουλῇ
1130 816 1155 847 ἐν
1183 818 1327 859 ἀποῤῥῖιτῳ
1353 817 1529 856 εἰσήγγειλα,
1559 818 1590 848 id
1620 823 1679 853 est,

1013 859 1119 900 κρύφα,
1138 861 1189 890 vel
1210 862 1245 894 ὡς
1259 859 1416 901 ἀωόῤῥητόν
1434 872 1476 890 τι.
1499 862 1554 895 86,
1574 863 1603 891 8.
1625 859 1680 899 ἔξω

1013 904 1070 932 τῶν
1083 903 1243 944 ἀπορῥήτοον
1257 901 1306 934 οἷόν
1320 903 1350 933 τ’
1364 902 1444 933 ἐστὶν
1458 902 1555 933 εἰπεῖν.
1577 903 1631 937 85,
1649 906 1680 935 9.

970 945 1152 987 ἀποστερεῖν]
1173 946 1220 976 οὐκ
1239 946 1451 986 ἀποστερεῖσθε
1473 945 1555 986 [scil.
1579 945 1680 976 τούτου

1013 989 1064 1018 τοῦ
1079 989 1219 1030 ἀγαθοῧ],
1234 991 1260 1020 εἶ’
1275 1001 1304 1019 τι
1319 989 1375 1028 ἐγὼ
1390 990 1468 1029 ὑμᾶς
1482 989 1634 1029 δυνήσομαι
1649 986 1679 1019 εὖ

1012 1033 1109 1062 ποιεῖν.
1129 1032 1222 1062 nolite
1239 1038 1358 1063 vosmet
1377 1032 1439 1071 ipsi
1453 1042 1490 1062 eo
1513 1032 1593 1061 bono
1614 1031 1677 1070 pri-

1012 1084 1094 1111 vare,
1116 1075 1141 1105 si
1164 1076 1246 1115 quod
1270 1086 1328 1115 ego
1347 1076 1459 1105 bonum
1475 1075 1506 1104 in
1528 1085 1584 1104 vos
1607 1084 1679 1104 con-

1011 1116 1090 1147 ferre
1105 1123 1244 1158 potuero.
1265 1120 1320 1155 74,
1336 1122 1367 1149 8.
1389 1117 1467 1158 μήθ’
1482 1118 1559 1157 ὑμᾶς
1579 1117 1681 1152 αὐτοὺς

1010 1162 1065 1189 τῶν
1084 1160 1138 1192 ἀπ’
1151 1161 1223 1202 ἐμοῦ
1241 1161 1360 1192 ἐλπίδων
1382 1161 1603 1202 ἀποστερήσετε.
1624 1162 1680 1197 74,

967 1244 1133 1286 ἀποτελεῖν]
1156 1247 1316 1286 perficere‚
1332 1245 1456 1277 effectui
1472 1246 1556 1276 dare.
1579 1247 1633 1282 76,
1645 1247 1666 1276 7
1670 1269 1677 1276 .

1009 1290 1062 1324 86,
1077 1293 1128 1319 10.

966 1330 1135 1370 ἀποτρέπειν
1148 1332 1200 1365 τῆς
1213 1332 1335 1372 γνώμης.
1359 1334 1412 1367 99,
1432 1334 1484 1362 11.

967 1373 1141 1415 ἀποφαίνειν]
1155 1375 1266 1412 γνώμην
1281 1375 1494 1417 ἀποφηνάμενος
1509 1373 1678 1414 ἐξανδραπο-

1009 1415 1153 1455 δίζεσθαι.
1177 1419 1250 1451 1023,
1267 1419 1296 1448 9.

967 1459 1152 1500 ἀποφεύγειν]
1173 1459 1195 1488 εἶ
1218 1458 1241 1489 δ’
1258 1459 1461 1500 ἀποφεύξομαι
1480 1457 1574 1490 αὐτόν.
1593 1458 1621 1490 si
1636 1470 1677 1490 ex

1008 1503 1066 1532 hac
1080 1503 1145 1540 lite,
1161 1513 1221 1541 qua
1236 1502 1264 1533 is
1279 1514 1328 1533 me
1345 1503 1494 1543 exagitat,
1517 1503 1677 1533 absolutus

1009 1545 1192 1576 discessero.
1215 1548 1268 1580 61,
1284 1548 1315 1576 6.

966 1587 1228 1628 ἀποφθέγγεσθαι.
1250 1591 1304 1625 61,
1319 1591 1352 1620 6.
1375 1589 1431 1620 sed
1446 1588 1490 1618 ibi
1501 1587 1614 1618 vitiosa
1628 1592 1677 1619 est

1006 1631 1112 1662 lectio.

965 1674 1107 1715 ἀποφορὰν
1127 1675 1179 1705 δεῖν
1193 1674 1381 1715 κομίζεσθαι.
1397 1673 1576 1714 pensionem
1592 1684 1676 1704 men-

1009 1723 1125 1749 struam
1147 1719 1300 1749 mercedis
1323 1728 1429 1749 annuae
1453 1718 1594 1747 aufferre.
1623 1720 1677 1754 19,

964 1803 1157 1834 ἀπωθεῖσθαι
1172 1802 1280 1844 φίλους.
1304 1805 1357 1844 21,
1373 1807 1404 1836 3.

964 1847 1019 1886 ἀροὶ
1035 1852 1065 1877 et
1086 1848 1230 1888 ἀρᾶσθαι]
1253 1847 1383 1888 ἀρᾶσθαι
1399 1846 1474 1887 (pro
1490 1844 1676 1886 ἐπαρᾶσθαι)

1006 1892 1062 1924 τὰς
1076 1890 1224 1930 μεγίστας
1243 1891 1321 1930 ἀράς.
1342 1896 1448 1920 contra
1462 1894 1560 1920 semet
1574 1889 1675 1927 ipsum

1007 1933 1089 1962 diras
1114 1933 1314 1972 pronunciare
1341 1943 1431 1972 quam
1456 1932 1675 1961 atrocissimas.

1008 1978 1060 2011 16,
1075 1979 1128 2005 11.

964 2018 1085 2058 ἀργύριον
1102 2018 1130 2048 οὖ
1154 2019 1228 2048 πολὺ
1248 2016 1452 2057 πραττόμενος.
1474 2019 1528 2052 49,
1551 2016 1605 2046 ult.
1627 2017 1675 2056 ἀρ·

1008 2060 1097 2101 γυρίου
1122 2062 1258 2090 τάλαντα
1279 2059 1311 2099 ἐξ
1337 2058 1544 2098 διανείμασθαι.
1569 2061 1622 2095 67,
1642 2061 1674 2090 5.

1008 2102 1156 2144 ἐκπορίζειν
1168 2103 1222 2133 τινὶ
1238 2102 1370 2143 ἀργύριον.
1393 2106 1445 2138 84,
1464 2107 1492 2134 2.

966 2147 1065 2187 tigerii]
1088 2145 1208 2175 ἀπέδοτε
1223 2147 1272 2176 τὴν
1291 2146 1476 2187 ὑπάρχουσαν
1491 2143 1596 2184 ἀρετήν.
1619 2145 1675 2181 54,

1009 2191 1061 2220 18.
1082 2189 1151 2228 ἀξιῶ
1172 2191 1228 2222 τὰς
1251 2191 1306 2218 τῶν
1328 2188 1462 2228 προγόνων
1483 2189 1588 2226 ἀρετὰς
1609 2186 1675 2227 ἐμοὶ

1008 2231 1146 2271 σωτηρίαν
1173 2230 1309 2270 γίνεσθαι.
1338 2234 1394 2267 71,
1421 2234 1452 2261 8.
1482 2229 1580 2264 οἵτινες
1607 2231 1676 2270 ὑμῖν

1008 2276 1109 2315 ἀρετῆς
1126 2274 1172 2305 ἤδη
1194 2277 1245 2308 τῆς
1264 2272 1409 2314 μεγίστης
1429 2274 1548 2314 ἔλεγχον
1567 2272 1676 2304 ἔδοσαν.

1008 2319 1130 2357 optimae
1154 2329 1217 2348 suae
1241 2328 1314 2358 erga
1339 2328 1395 2349 vos
1418 2316 1597 2347 voluntatis.
1618 2318 1674 2352 ⁷4,

963 2403 1094 2444 ἄριστος]
1118 2403 1283 2442 διέγνωσται
1305 2403 1406 2433 ταῦτα
1425 2402 1532 2444 ἄριστα
1553 2403 1610 2432 τῶν
1632 2401 1674 2431 δο-

1006 2448 1139 2486 γμάτων.
1161 2448 1240 2477 inter
1262 2456 1367 2477 omues
1388 2449 1508 2476 constat
1527 2445 1591 2475 baee
1607 2455 1676 2475 esse

1009 2491 1134 2529 optima.
1158 2492 1232 2525 1133
1250 2492 1298 2520 1⁶2.

965 2533 1094 2573 ἁρπαγαὶ
1109 2535 1242 2571 γυναικῶν
1257 2530 1420 2571 ἀλλοτρίων.
1445 2530 1520 2566 115,
1535 2540 1608 2569 pen.

966 2576 1114 2617 ἁρπάζειν]
1130 2577 1264 2616 ἀρπάσας
1276 2575 1306 2605 ἐκ
1313 2577 1364 2610 τῆς
1375 2575 1476 2614 ἀγορᾶς
1486 2574 1535 2604 τὴν
1546 2573 1676 2611 γυναῖκα.

1011 2622 1084 2653 118,
1100 2622 1132 2650 6.

967 2661 1077 2703 ἄρχειν]
1095 2659 1212 2702 ὀφείλειν
1226 2659 1342 2693 εὐθύνας
1357 2658 1443 2699 ἄρξας
1455 2658 1560 2701 ἀρχάς.
1573 2662 1676 2697 gesto·-

1008 2715 1075 2735 rum
1090 2705 1248 2735 honorum.
1264 2705 1316 2739 35,
1334 2706 1383 2733 10.
1407 2702 1491 2735 οὐδεὶς
1505 2701 1610 2742 ἦρχετό
1618 2713 1676 2741 μου

1008 2747 1144 2786 γένεσθαι
1161 2745 1434 2785 δυσδαιμονέστερος.
1451 2747 1506 2780 79,
1521 2746 1551 2775 9.
1569 2745 1622 2774 sed
1639 2755 1676 2774 ea

1007 2791 1099 2821 lectio
1112 2790 1156 2820 ibi
1169 2789 1282 2820 vitiosa
1296 2794 1353 2820 est.
1364 2787 1511 2830 ἄρχεσθαι
1529 2787 1676 2827 πολεμεῖν.

1011 2836 1062 2869 97,
1078 2838 1110 2866 5.

964 2878 1054 2918 ἀρχὴ]
1068 2875 1100 2915 ἐξ
1114 2876 1213 2916 ἀρχῆς.
1230 2873 1331 2905 statim
1348 2885 1365 2904 a
1380 2872 1545 2914 principio.
1569 2873 1622 2907 94,
1643 2874 1675 2903 4.
1706 2893 1709 2896 >

1006 2919 1219 2950 ἀλλάττεσθαι
1235 2916 1354 2947 δουλείαν
1370 2917 1432 2948 ἀντὶ
1451 2917 1550 2958 ἀρχῆς.
1577 2916 1630 2951 89,
1643 2917 1675 2946 3.

1006 2965 1055 2994 τὴν
1075 2964 1126 2997 τῆς
1142 2960 1292 2994 θαλάττης
1305 2961 1393 3001 ἀρχὴν
1414 2959 1596 2989 amittebant
1615 2958 1673 2988 La-

1005 3005 1184 3036 oedaemonii
1212 3015 1265 3043 por
1295 3013 1426 3042 pugnam
1458 3000 1596 3033 navalem
1623 3001 1676 3031 ad-
