<?xml version="1.0" encoding="UTF-8"?>
<!DOCTYPE html PUBLIC "-//W3C//DTD XHTML 1.0 Transitional//EN"
    "http://www.w3.org/TR/xhtml1/DTD/xhtml1-transitional.dtd">
<html xmlns="http://www.w3.org/1999/xhtml" xml:lang="en" lang="en">
 <head>
  <title>
</title>
<meta http-equiv="Content-Type" content="text/html;charset=utf-8" />
  <meta name='ocr-system' content='tesseract 3.04.00' />
  <meta name='ocr-capabilities' content='ocr_page ocr_carea ocr_par ocr_line ocrx_word'/>
</head>
<body>
  <div class='ocr_page' id='page_1' title='image "./oratoresatticie01dobs_0094.png"; bbox 0 0 1818 3189; ppageno 0'>
   <div class='ocr_carea' id='block_1_1' title="bbox 255 174 1488 222">
    <p class='ocr_par' dir='ltr' id='par_1_1' title="bbox 255 174 1488 222">
     <span class='ocr_line' id='line_1_1' title="bbox 255 174 1488 222; baseline -0.006 0"><span class='ocrx_word' id='word_1_1' title='bbox 255 181 312 222; x_wconf 83' lang='lat'><strong>22</strong></span> <span class='ocrx_word' id='word_1_2' title='bbox 505 176 683 219; x_wconf 90' lang='lat' dir='ltr'>PETRI</span> <span class='ocrx_word' id='word_1_3' title='bbox 716 176 841 217; x_wconf 89' lang='lat' dir='ltr'><strong>VAN</strong></span> <span class='ocrx_word' id='word_1_4' title='bbox 874 174 1074 217; x_wconf 85' lang='lat' dir='ltr'><strong>SPAAN</strong></span> <span class='ocrx_word' id='word_1_5' title='bbox 1106 174 1373 218; x_wconf 81' lang='lat' dir='ltr'><strong>DISSERT.</strong></span> <span class='ocrx_word' id='word_1_6' title='bbox 1408 178 1488 218; x_wconf 69' lang='grc' dir='ltr'>διο.</span> 
     </span>
    </p>
   </div>
   <div class='ocr_carea' id='block_1_2' title="bbox 256 278 1727 2369">
    <p class='ocr_par' dir='ltr' id='par_1_2' title="bbox 256 278 1720 890">
     <span class='ocr_line' id='line_1_2' title="bbox 257 278 1716 332; baseline -0.004 -10"><span class='ocrx_word' id='word_1_7' title='bbox 257 283 394 323; x_wconf 87' lang='lat' dir='ltr'><strong>Batavi</strong></span> <span class='ocrx_word' id='word_1_8' title='bbox 413 283 577 321; x_wconf 90' lang='lat' dir='ltr'><strong>nominis</strong></span> <span class='ocrx_word' id='word_1_9' title='bbox 598 282 731 328; x_wconf 89' lang='lat' dir='ltr'><strong>decus,</strong></span> <span class='ocrx_word' id='word_1_10' title='bbox 754 280 872 332; x_wconf 89' lang='lat' dir='ltr'><strong>Hugo</strong></span> <span class='ocrx_word' id='word_1_11' title='bbox 892 281 1054 320; x_wconf 86' lang='lat' dir='ltr'><strong>Grotius</strong></span> <span class='ocrx_word' id='word_1_12' title='bbox 1074 281 1114 319; x_wconf 89' lang='lat' dir='ltr'><strong>in</strong></span> <span class='ocrx_word' id='word_1_13' title='bbox 1132 280 1341 332; x_wconf 84' lang='lat' dir='ltr'><strong>exemplari</strong></span> <span class='ocrx_word' id='word_1_14' title='bbox 1361 294 1445 326; x_wconf 92' lang='lat' dir='ltr'><strong>suo,</strong></span> <span class='ocrx_word' id='word_1_15' title='bbox 1462 278 1568 330; x_wconf 86' lang='lat' dir='ltr'><strong>quod</strong></span> <span class='ocrx_word' id='word_1_16' title='bbox 1591 282 1716 317; x_wconf 83' lang='lat' dir='ltr'><strong>servat</strong></span> 
     </span>
     <span class='ocr_line' id='line_1_3' title="bbox 258 340 1718 394; baseline -0.005 -11"><span class='ocrx_word' id='word_1_17' title='bbox 258 345 506 384; x_wconf 87' lang='lat' dir='ltr'>Bibliotheca</span> <span class='ocrx_word' id='word_1_18' title='bbox 526 343 684 394; x_wconf 92' lang='lat' dir='ltr'><strong>publica</strong></span> <span class='ocrx_word' id='word_1_19' title='bbox 702 342 917 382; x_wconf 86' lang='lat' dir='ltr'><strong>Leidensis.</strong></span> <span class='ocrx_word' id='word_1_20' title='bbox 939 342 1105 381; x_wconf 89' lang='lat' dir='ltr'><strong>Suidas:</strong></span> <span class='ocrx_word' id='word_1_21' title='bbox 1133 342 1253 394; x_wconf 76' lang='grc' dir='ltr'>Τρίτῳ</span> <span class='ocrx_word' id='word_1_22' title='bbox 1270 344 1334 380; x_wconf 77' lang='grc' dir='ltr'><strong>καὶ</strong></span> <span class='ocrx_word' id='word_1_23' title='bbox 1354 342 1511 393; x_wconf 66' lang='grc' dir='ltr'>τετάρτῳ</span> <span class='ocrx_word' id='word_1_24' title='bbox 1531 340 1613 385; x_wconf 79' lang='grc' dir='ltr'>ἔτει,</span> <span class='ocrx_word' id='word_1_25' title='bbox 1633 340 1718 377; x_wconf 87' lang='grc' dir='ltr'>ἀντὶ</span> 
     </span>
     <span class='ocr_line' id='line_1_4' title="bbox 257 401 1717 459; baseline -0.005 -12"><span class='ocrx_word' id='word_1_26' title='bbox 257 414 332 455; x_wconf 85' lang='grc' dir='ltr'>τοῦ,</span> <span class='ocrx_word' id='word_1_27' title='bbox 358 409 428 459; x_wconf 86' lang='grc' dir='ltr'><strong>πρὸ</strong></span> <span class='ocrx_word' id='word_1_28' title='bbox 456 410 568 459; x_wconf 80' lang='grc' dir='ltr'>τριῶν</span> <span class='ocrx_word' id='word_1_29' title='bbox 596 407 656 443; x_wconf 80' lang='grc' dir='ltr'><strong>καὶ</strong></span> <span class='ocrx_word' id='word_1_30' title='bbox 682 405 874 456; x_wconf 81' lang='grc' dir='ltr'>τεσσάρων</span> <span class='ocrx_word' id='word_1_31' title='bbox 902 405 1007 444; x_wconf 82' lang='grc' dir='ltr'>ἐτῶν.</span> <span class='ocrx_word' id='word_1_32' title='bbox 1037 405 1150 448; x_wconf 70' lang='grc' dir='ltr'>οὕτως</span> <span class='ocrx_word' id='word_1_33' title='bbox 1168 405 1411 457; x_wconf 78' lang='grc' dir='ltr'>Ἀντιφάνης.</span> <span class='ocrx_word' id='word_1_34' title='bbox 1470 404 1522 441; x_wconf 91' lang='lat' dir='ltr'><strong>At</strong></span> <span class='ocrx_word' id='word_1_35' title='bbox 1553 401 1717 440; x_wconf 70' lang='lat' dir='ltr'><strong>Photius</strong></span> 
     </span>
     <span class='ocr_line' id='line_1_5' title="bbox 258 464 1715 520; baseline -0.005 -12"><span class='ocrx_word' id='word_1_36' title='bbox 258 470 402 508; x_wconf 89' lang='lat' dir='ltr'><strong>Lexico</strong></span> <span class='ocrx_word' id='word_1_37' title='bbox 431 469 516 506; x_wconf 89' lang='lat' dir='ltr'><strong>MS.</strong></span> <span class='ocrx_word' id='word_1_38' title='bbox 536 468 743 520; x_wconf 82' lang='grc' dir='ltr'>Ἀντιφῶν.</span> <span class='ocrx_word' id='word_1_39' title='bbox 802 467 902 505; x_wconf 88' lang='lat' dir='ltr'><strong>Haec</strong></span> <span class='ocrx_word' id='word_1_40' title='bbox 929 466 1131 505; x_wconf 83' lang='lat' dir='ltr'><strong>nominum</strong></span> <span class='ocrx_word' id='word_1_41' title='bbox 1151 466 1386 518; x_wconf 84' lang='lat' dir='ltr'><strong>permutatio</strong></span> <span class='ocrx_word' id='word_1_42' title='bbox 1406 465 1558 504; x_wconf 85' lang='lat' dir='ltr'>induxit</span> <span class='ocrx_word' id='word_1_43' title='bbox 1578 464 1715 514; x_wconf 89' lang='lat' dir='ltr'><strong>Steph.</strong></span> 
     </span>
     <span class='ocr_line' id='line_1_6' title="bbox 259 528 1718 580; baseline -0.004 -12"><span class='ocrx_word' id='word_1_44' title='bbox 259 531 484 579; x_wconf 84' lang='lat' dir='ltr'><strong>Berglerum</strong></span> <span class='ocrx_word' id='word_1_45' title='bbox 514 528 564 566; x_wconf 86' lang='lat' dir='ltr'><strong>ad</strong></span> <span class='ocrx_word' id='word_1_46' title='bbox 593 528 800 580; x_wconf 89' lang='lat' dir='ltr'><strong>Aristoph.</strong></span> <span class='ocrx_word' id='word_1_47' title='bbox 829 529 938 567; x_wconf 91' lang='lat' dir='ltr'><strong>Nub.</strong></span> <span class='ocrx_word' id='word_1_48' title='bbox 965 542 1001 567; x_wconf 90' lang='lat' dir='ltr'><strong>v.</strong></span> <span class='ocrx_word' id='word_1_49' title='bbox 1031 532 1150 567; x_wconf 83' lang='lat'><strong>1419.</strong></span> <span class='ocrx_word' id='word_1_50' title='bbox 1180 534 1222 566; x_wconf 91' lang='lat' dir='ltr'><strong>ut</strong></span> <span class='ocrx_word' id='word_1_51' title='bbox 1247 528 1531 579; x_wconf 86' lang='lat' dir='ltr'><strong>Antiphontem</strong></span> <span class='ocrx_word' id='word_1_52' title='bbox 1560 530 1718 564; x_wconf 82' lang='lat' dir='ltr'><strong>vocaret</strong></span> 
     </span>
     <span class='ocr_line' id='line_1_7' title="bbox 260 586 1717 641; baseline -0.004 -11"><span class='ocrx_word' id='word_1_53' title='bbox 260 590 480 638; x_wconf 86' lang='lat' dir='ltr'><strong>Comicum‚</strong></span> <span class='ocrx_word' id='word_1_54' title='bbox 502 590 570 641; x_wconf 94' lang='lat' dir='ltr'><strong>qui</strong></span> <span class='ocrx_word' id='word_1_55' title='bbox 592 590 780 641; x_wconf 83' lang='lat' dir='ltr'><strong>Tragicus</strong></span> <span class='ocrx_word' id='word_1_56' title='bbox 801 589 902 629; x_wconf 85' lang='lat' dir='ltr'><strong>fuit:</strong></span> <span class='ocrx_word' id='word_1_57' title='bbox 932 602 1171 640; x_wconf 86' lang='lat' dir='ltr'><strong>quamquam</strong></span> <span class='ocrx_word' id='word_1_58' title='bbox 1189 602 1262 628; x_wconf 90' lang='lat' dir='ltr'><strong>nec</strong></span> <span class='ocrx_word' id='word_1_59' title='bbox 1282 588 1518 640; x_wconf 87' lang='lat' dir='ltr'>Antiphonti</span> <span class='ocrx_word' id='word_1_60' title='bbox 1538 586 1717 637; x_wconf 80' lang='lat' dir='ltr'><strong>Tragion,</strong></span> 
     </span>
     <span class='ocr_line' id='line_1_8' title="bbox 257 649 1717 703; baseline -0.003 -12"><span class='ocrx_word' id='word_1_61' title='bbox 257 666 329 691; x_wconf 91' lang='lat' dir='ltr'><strong>nec</strong></span> <span class='ocrx_word' id='word_1_62' title='bbox 351 652 571 703; x_wconf 88' lang='lat' dir='ltr'><strong>Antiphani</strong></span> <span class='ocrx_word' id='word_1_63' title='bbox 591 652 755 691; x_wconf 90' lang='lat' dir='ltr'><strong>Comico</strong></span> <span class='ocrx_word' id='word_1_64' title='bbox 776 652 923 690; x_wconf 90' lang='lat' dir='ltr'><strong>dictum</strong></span> <span class='ocrx_word' id='word_1_65' title='bbox 952 651 1049 690; x_wconf 89' lang='lat' dir='ltr'><strong>illud</strong></span> <span class='ocrx_word' id='word_1_66' title='bbox 1079 665 1102 690; x_wconf 89' lang='lat' dir='ltr'><strong>a</strong></span> <span class='ocrx_word' id='word_1_67' title='bbox 1131 650 1349 689; x_wconf 89' lang='lat' dir='ltr'><strong>Scholiaste</strong></span> <span class='ocrx_word' id='word_1_68' title='bbox 1381 652 1407 688; x_wconf 92' lang='lat' dir='ltr'><strong>l.</strong></span> <span class='ocrx_word' id='word_1_69' title='bbox 1434 664 1469 688; x_wconf 93' lang='lat' dir='ltr'><strong>c.</strong></span> <span class='ocrx_word' id='word_1_70' title='bbox 1503 649 1717 694; x_wconf 86' lang='lat' dir='ltr'><strong>laudatum,</strong></span> 
     </span>
     <span class='ocr_line' id='line_1_9' title="bbox 257 711 1720 767; baseline -0.003 -14"><span class='ocrx_word' id='word_1_71' title='bbox 257 715 481 767; x_wconf 78' lang='grc' dir='ltr'>γηροτροφία</span> <span class='ocrx_word' id='word_1_72' title='bbox 508 716 698 765; x_wconf 81' lang='grc' dir='ltr'>προσέοικε</span> <span class='ocrx_word' id='word_1_73' title='bbox 727 714 985 767; x_wconf 76' lang='grc' dir='ltr'>παιδοτροφίᾳ,</span> <span class='ocrx_word' id='word_1_74' title='bbox 1006 713 1257 752; x_wconf 81' lang='lat' dir='ltr'><strong>tribuendum</strong></span> <span class='ocrx_word' id='word_1_75' title='bbox 1287 719 1384 751; x_wconf 80' lang='lat' dir='ltr'><strong>erat.</strong></span> <span class='ocrx_word' id='word_1_76' title='bbox 1440 712 1543 750; x_wconf 86' lang='lat' dir='ltr'><strong>Nam</strong></span> <span class='ocrx_word' id='word_1_77' title='bbox 1562 711 1612 750; x_wconf 84' lang='lat' dir='ltr'><strong>ad</strong></span> <span class='ocrx_word' id='word_1_78' title='bbox 1632 712 1720 749; x_wconf 90' lang='lat' dir='ltr'><strong>An-</strong></span> 
     </span>
     <span class='ocr_line' id='line_1_10' title="bbox 256 772 1717 827; baseline -0.002 -12"><span class='ocrx_word' id='word_1_79' title='bbox 256 776 476 827; x_wconf 83' lang='lat' dir='ltr'><strong>tiphontem</strong></span> <span class='ocrx_word' id='word_1_80' title='bbox 497 777 705 815; x_wconf 82' lang='lat' dir='ltr'><strong>Oratorem</strong></span> <span class='ocrx_word' id='word_1_81' title='bbox 723 776 867 815; x_wconf 89' lang='lat' dir='ltr'><strong>diserte</strong></span> <span class='ocrx_word' id='word_1_82' title='bbox 889 776 1053 814; x_wconf 88' lang='lat' dir='ltr'><strong>refertur</strong></span> <span class='ocrx_word' id='word_1_83' title='bbox 1072 789 1095 814; x_wconf 89' lang='lat' dir='ltr'><strong>a</strong></span> <span class='ocrx_word' id='word_1_84' title='bbox 1119 775 1322 814; x_wconf 86' lang='lat' dir='ltr'><strong>Clemente</strong></span> <span class='ocrx_word' id='word_1_85' title='bbox 1345 775 1459 813; x_wconf 89' lang='lat' dir='ltr'><strong>Alex.</strong></span> <span class='ocrx_word' id='word_1_86' title='bbox 1481 775 1626 812; x_wconf 87' lang='lat' dir='ltr'><strong>Strom.</strong></span> <span class='ocrx_word' id='word_1_87' title='bbox 1645 772 1717 812; x_wconf 92' lang='lat' dir='ltr'><strong>VI.</strong></span> 
     </span>
     <span class='ocr_line' id='line_1_11' title="bbox 257 837 1175 890; baseline -0.002 -13"><span class='ocrx_word' id='word_1_88' title='bbox 257 852 298 890; x_wconf 88' lang='lat' dir='ltr'><strong>p.</strong></span> <span class='ocrx_word' id='word_1_89' title='bbox 313 842 406 878; x_wconf 85' lang='lat'><strong>748.</strong></span> <span class='ocrx_word' id='word_1_90' title='bbox 436 838 639 876; x_wconf 78' lang='lat' dir='ltr'><strong>Hactenus</strong></span> <span class='ocrx_word' id='word_1_91' title='bbox 658 838 706 877; x_wconf 91' lang='lat' dir='ltr'><strong>de</strong></span> <span class='ocrx_word' id='word_1_92' title='bbox 729 838 973 889; x_wconf 88' lang='lat' dir='ltr'><strong>Antiphonte</strong></span> <span class='ocrx_word' id='word_1_93' title='bbox 992 837 1175 889; x_wconf 87' lang='lat' dir='ltr'><strong>Tragico.</strong></span> 
     </span>
    </p>

    <p class='ocr_par' dir='ltr' id='par_1_3' title="bbox 256 899 1723 1692">
     <span class='ocr_line' id='line_1_12' title="bbox 312 899 1717 950; baseline -0.003 -12"><span class='ocrx_word' id='word_1_94' title='bbox 312 900 388 938; x_wconf 95' lang='lat' dir='ltr'><strong>III.</strong></span> <span class='ocrx_word' id='word_1_95' title='bbox 419 900 634 950; x_wconf 89' lang='lat' dir='ltr'><strong>Antiphon,</strong></span> <span class='ocrx_word' id='word_1_96' title='bbox 656 900 849 945; x_wconf 85' lang='lat' dir='ltr'><strong>Medicus,</strong></span> <span class='ocrx_word' id='word_1_97' title='bbox 872 899 941 950; x_wconf 90' lang='lat' dir='ltr'><strong>qui</strong></span> <span class='ocrx_word' id='word_1_98' title='bbox 961 899 1114 950; x_wconf 85' lang='lat' dir='ltr'><strong>scripsit</strong></span> <span class='ocrx_word' id='word_1_99' title='bbox 1135 899 1291 949; x_wconf 72' lang='grc' dir='ltr'>σύνοψιν</span> <span class='ocrx_word' id='word_1_100' title='bbox 1315 905 1386 936; x_wconf 85' lang='grc' dir='ltr'><strong>τῶν</strong></span> <span class='ocrx_word' id='word_1_101' title='bbox 1406 900 1481 936; x_wconf 79' lang='grc' dir='ltr'>κατ’</span> <span class='ocrx_word' id='word_1_102' title='bbox 1501 900 1717 948; x_wconf 84' lang='grc' dir='ltr'>ἄνθρωπον.</span> 
     </span>
     <span class='ocr_line' id='line_1_13' title="bbox 257 959 1721 1015; baseline -0.005 -14"><span class='ocrx_word' id='word_1_103' title='bbox 257 963 395 1001; x_wconf 87' lang='lat' dir='ltr'><strong>Pollux</strong></span> <span class='ocrx_word' id='word_1_104' title='bbox 416 962 469 999; x_wconf 92' lang='grc' dir='ltr'>ΙΙ.</span> <span class='ocrx_word' id='word_1_105' title='bbox 489 966 582 1001; x_wconf 81' lang='lat'><strong>224.</strong></span> <span class='ocrx_word' id='word_1_106' title='bbox 608 964 796 1015; x_wconf 84' lang='grc' dir='ltr'>Ἀντιφῶν</span> <span class='ocrx_word' id='word_1_107' title='bbox 816 962 856 1000; x_wconf 80' lang='grc' dir='ltr'><strong>δὲ</strong></span> <span class='ocrx_word' id='word_1_108' title='bbox 874 963 1089 1011; x_wconf 81' lang='grc' dir='ltr'>(ἐπίπλουν)</span> <span class='ocrx_word' id='word_1_109' title='bbox 1107 963 1307 1010; x_wconf 80' lang='grc' dir='ltr'>ἀρσενικῶς</span> <span class='ocrx_word' id='word_1_110' title='bbox 1326 962 1385 998; x_wconf 82' lang='grc' dir='ltr'><strong>καὶ</strong></span> <span class='ocrx_word' id='word_1_111' title='bbox 1403 959 1596 1010; x_wconf 76' lang='grc' dir='ltr'>οὐδετέρως</span> <span class='ocrx_word' id='word_1_112' title='bbox 1616 959 1721 1006; x_wconf 85' lang='grc' dir='ltr'>λέγει</span> 
     </span>
     <span class='ocr_line' id='line_1_14' title="bbox 257 1019 1719 1076; baseline -0.004 -13"><span class='ocrx_word' id='word_1_113' title='bbox 257 1026 299 1063; x_wconf 82' lang='grc' dir='ltr'><strong>ἐν</strong></span> <span class='ocrx_word' id='word_1_114' title='bbox 322 1023 449 1063; x_wconf 65' lang='grc' dir='ltr'>τωυὲα</span> <span class='ocrx_word' id='word_1_115' title='bbox 478 1025 634 1073; x_wconf 78' lang='grc' dir='ltr'>σύνοψις</span> <span class='ocrx_word' id='word_1_116' title='bbox 663 1028 737 1063; x_wconf 88' lang='grc' dir='ltr'><strong>τῶν</strong></span> <span class='ocrx_word' id='word_1_117' title='bbox 765 1026 841 1063; x_wconf 83' lang='grc' dir='ltr'>κατ’</span> <span class='ocrx_word' id='word_1_118' title='bbox 860 1023 1076 1076; x_wconf 58' lang='grc' dir='ltr'>ἄνθρωπον.</span> <span class='ocrx_word' id='word_1_119' title='bbox 1132 1024 1246 1061; x_wconf 87' lang='lat' dir='ltr'><strong>Hanc</strong></span> <span class='ocrx_word' id='word_1_120' title='bbox 1276 1023 1486 1061; x_wconf 83' lang='lat' dir='ltr'><strong>lectionem</strong></span> <span class='ocrx_word' id='word_1_121' title='bbox 1518 1035 1539 1059; x_wconf 87' lang='lat' dir='ltr'><strong>e</strong></span> <span class='ocrx_word' id='word_1_122' title='bbox 1568 1019 1719 1058; x_wconf 78' lang='lat' dir='ltr'><strong>Codice</strong></span> 
     </span>
     <span class='ocr_line' id='line_1_15' title="bbox 258 1082 1718 1136; baseline -0.004 -12"><span class='ocrx_word' id='word_1_123' title='bbox 258 1085 543 1136; x_wconf 88' lang='lat' dir='ltr'><strong>Antwerpiensi</strong></span> <span class='ocrx_word' id='word_1_124' title='bbox 573 1085 724 1136; x_wconf 84' lang='lat' dir='ltr'><strong>profert</strong></span> <span class='ocrx_word' id='word_1_125' title='bbox 752 1086 822 1123; x_wconf 88' lang='lat' dir='ltr'><strong>Vir</strong></span> <span class='ocrx_word' id='word_1_126' title='bbox 848 1086 990 1125; x_wconf 82' lang='lat' dir='ltr'><strong>Graece</strong></span> <span class='ocrx_word' id='word_1_127' title='bbox 1019 1084 1280 1130; x_wconf 90' lang='lat' dir='ltr'><strong>doctissimus,</strong></span> <span class='ocrx_word' id='word_1_128' title='bbox 1312 1084 1446 1123; x_wconf 89' lang='lat' dir='ltr'><strong>Ioach.</strong></span> <span class='ocrx_word' id='word_1_129' title='bbox 1473 1082 1667 1128; x_wconf 91' lang='lat' dir='ltr'><strong>Kuhnius,</strong></span> <span class='ocrx_word' id='word_1_130' title='bbox 1697 1094 1718 1118; x_wconf 90' lang='lat' dir='ltr'><strong>e</strong></span> 
     </span>
     <span class='ocr_line' id='line_1_16' title="bbox 259 1143 1720 1199; baseline -0.003 -14"><span class='ocrx_word' id='word_1_131' title='bbox 259 1161 349 1199; x_wconf 90' lang='lat' dir='ltr'><strong>qua,</strong></span> <span class='ocrx_word' id='word_1_132' title='bbox 370 1147 460 1185; x_wconf 82' lang='lat' dir='ltr'><strong>licet</strong></span> <span class='ocrx_word' id='word_1_133' title='bbox 480 1153 678 1198; x_wconf 90' lang='lat' dir='ltr'><strong>corrupta,</strong></span> <span class='ocrx_word' id='word_1_134' title='bbox 698 1153 828 1186; x_wconf 88' lang='lat' dir='ltr'><strong>tamen</strong></span> <span class='ocrx_word' id='word_1_135' title='bbox 848 1147 1006 1185; x_wconf 89' lang='lat' dir='ltr'><strong>evidens</strong></span> <span class='ocrx_word' id='word_1_136' title='bbox 1027 1153 1099 1194; x_wconf 90' lang='lat' dir='ltr'><strong>est,</strong></span> <span class='ocrx_word' id='word_1_137' title='bbox 1120 1146 1271 1185; x_wconf 87' lang='lat' dir='ltr'><strong>laudari</strong></span> <span class='ocrx_word' id='word_1_138' title='bbox 1290 1144 1542 1196; x_wconf 89' lang='lat' dir='ltr'><strong>Antiphontis</strong></span> <span class='ocrx_word' id='word_1_139' title='bbox 1563 1143 1720 1192; x_wconf 74' lang='grc' dir='ltr'>σύνοψιν</span> 
     </span>
     <span class='ocr_line' id='line_1_17' title="bbox 257 1205 1718 1259; baseline -0.003 -11"><span class='ocrx_word' id='word_1_140' title='bbox 257 1213 332 1248; x_wconf 80' lang='grc' dir='ltr'><strong>τῶν</strong></span> <span class='ocrx_word' id='word_1_141' title='bbox 352 1212 426 1247; x_wconf 83' lang='grc' dir='ltr'>κατ’</span> <span class='ocrx_word' id='word_1_142' title='bbox 445 1208 663 1259; x_wconf 61' lang='grc' dir='ltr'>ἄνθρωπον.</span> <span class='ocrx_word' id='word_1_143' title='bbox 718 1209 837 1253; x_wconf 82' lang='lat' dir='ltr'><strong>Quod</strong></span> <span class='ocrx_word' id='word_1_144' title='bbox 862 1215 991 1247; x_wconf 87' lang='lat' dir='ltr'><strong>autem</strong></span> <span class='ocrx_word' id='word_1_145' title='bbox 1021 1208 1160 1246; x_wconf 82' lang='lat' dir='ltr'><strong>Pollux</strong></span> <span class='ocrx_word' id='word_1_146' title='bbox 1188 1208 1292 1246; x_wconf 90' lang='lat' dir='ltr'><strong>illius</strong></span> <span class='ocrx_word' id='word_1_147' title='bbox 1323 1207 1557 1245; x_wconf 87' lang='lat' dir='ltr'><strong>auctoritate</strong></span> <span class='ocrx_word' id='word_1_148' title='bbox 1583 1205 1718 1251; x_wconf 86' lang='lat' dir='ltr'><strong>utitur,</strong></span> 
     </span>
     <span class='ocr_line' id='line_1_18' title="bbox 257 1265 1714 1321; baseline -0.004 -12"><span class='ocrx_word' id='word_1_149' title='bbox 257 1271 348 1309; x_wconf 90' lang='lat' dir='ltr'><strong>inde</strong></span> <span class='ocrx_word' id='word_1_150' title='bbox 379 1270 510 1321; x_wconf 84' lang='lat' dir='ltr'><strong>colligi</strong></span> <span class='ocrx_word' id='word_1_151' title='bbox 538 1276 682 1321; x_wconf 90' lang='lat' dir='ltr'><strong>potest,</strong></span> <span class='ocrx_word' id='word_1_152' title='bbox 720 1271 950 1321; x_wconf 85' lang='lat' dir='ltr'><strong>scriptorem</strong></span> <span class='ocrx_word' id='word_1_153' title='bbox 980 1277 1020 1308; x_wconf 91' lang='lat' dir='ltr'><strong>et</strong></span> <span class='ocrx_word' id='word_1_154' title='bbox 1053 1270 1270 1320; x_wconf 85' lang='lat' dir='ltr'><strong>elegantem</strong></span> <span class='ocrx_word' id='word_1_155' title='bbox 1300 1275 1339 1307; x_wconf 89' lang='lat' dir='ltr'><strong>et</strong></span> <span class='ocrx_word' id='word_1_156' title='bbox 1364 1273 1556 1305; x_wconf 87' lang='lat' dir='ltr'><strong>vetustum</strong></span> <span class='ocrx_word' id='word_1_157' title='bbox 1583 1265 1714 1304; x_wconf 86' lang='lat' dir='ltr'><strong>fuisse.</strong></span> 
     </span>
     <span class='ocr_line' id='line_1_19' title="bbox 259 1327 1716 1383; baseline -0.004 -13"><span class='ocrx_word' id='word_1_158' title='bbox 259 1333 349 1371; x_wconf 89' lang='lat' dir='ltr'><strong>Alia</strong></span> <span class='ocrx_word' id='word_1_159' title='bbox 367 1345 524 1383; x_wconf 91' lang='lat' dir='ltr'><strong>quoque</strong></span> <span class='ocrx_word' id='word_1_160' title='bbox 545 1333 656 1370; x_wconf 91' lang='lat' dir='ltr'><strong>nobis</strong></span> <span class='ocrx_word' id='word_1_161' title='bbox 677 1332 715 1370; x_wconf 92' lang='lat' dir='ltr'><strong>in</strong></span> <span class='ocrx_word' id='word_1_162' title='bbox 736 1333 913 1379; x_wconf 88' lang='lat' dir='ltr'><strong>Polluce,</strong></span> <span class='ocrx_word' id='word_1_163' title='bbox 934 1345 1023 1383; x_wconf 89' lang='lat' dir='ltr'><strong>quae</strong></span> <span class='ocrx_word' id='word_1_164' title='bbox 1044 1345 1090 1370; x_wconf 88' lang='lat' dir='ltr'><strong>ex</strong></span> <span class='ocrx_word' id='word_1_165' title='bbox 1112 1332 1188 1369; x_wconf 89' lang='lat' dir='ltr'><strong>hoc</strong></span> <span class='ocrx_word' id='word_1_166' title='bbox 1208 1330 1451 1381; x_wconf 88' lang='lat' dir='ltr'><strong>Antiphonte</strong></span> <span class='ocrx_word' id='word_1_167' title='bbox 1475 1334 1601 1368; x_wconf 88' lang='lat' dir='ltr'><strong>sumta</strong></span> <span class='ocrx_word' id='word_1_168' title='bbox 1627 1327 1716 1373; x_wconf 89' lang='lat' dir='ltr'><strong>sint,</strong></span> 
     </span>
     <span class='ocr_line' id='line_1_20' title="bbox 259 1393 1720 1446; baseline -0.004 -13"><span class='ocrx_word' id='word_1_169' title='bbox 259 1395 562 1446; x_wconf 86' lang='lat' dir='ltr'><strong>deprehendisse</strong></span> <span class='ocrx_word' id='word_1_170' title='bbox 585 1395 773 1434; x_wconf 91' lang='lat' dir='ltr'><strong>videmur.</strong></span> <span class='ocrx_word' id='word_1_171' title='bbox 795 1409 831 1434; x_wconf 91' lang='lat' dir='ltr'><strong>v.</strong></span> <span class='ocrx_word' id='word_1_172' title='bbox 849 1410 884 1434; x_wconf 94' lang='lat' dir='ltr'><strong>c.</strong></span> <span class='ocrx_word' id='word_1_173' title='bbox 906 1396 960 1433; x_wconf 90' lang='lat' dir='ltr'><strong>II.</strong></span> <span class='ocrx_word' id='word_1_174' title='bbox 981 1399 1047 1434; x_wconf 88' lang='grc'><strong>41.</strong></span> <span class='ocrx_word' id='word_1_175' title='bbox 1075 1395 1116 1433; x_wconf 84' lang='grc' dir='ltr'><strong>τὸ</strong></span> <span class='ocrx_word' id='word_1_176' title='bbox 1137 1394 1176 1432; x_wconf 80' lang='grc' dir='ltr'><strong>δὲ</strong></span> <span class='ocrx_word' id='word_1_177' title='bbox 1195 1398 1324 1432; x_wconf 86' lang='grc' dir='ltr'>ποιοῦν</span> <span class='ocrx_word' id='word_1_178' title='bbox 1343 1393 1383 1431; x_wconf 85' lang='grc' dir='ltr'><strong>τὸ</strong></span> <span class='ocrx_word' id='word_1_179' title='bbox 1402 1394 1564 1442; x_wconf 85' lang='grc' dir='ltr'>νόσημα,</span> <span class='ocrx_word' id='word_1_180' title='bbox 1583 1397 1720 1443; x_wconf 82' lang='grc' dir='ltr'>καροῦν</span> 
     </span>
     <span class='ocr_line' id='line_1_21' title="bbox 258 1453 1722 1510; baseline -0.004 -15"><span class='ocrx_word' id='word_1_181' title='bbox 258 1459 446 1509; x_wconf 81' lang='grc' dir='ltr'>Ἀντιφῶν</span> <span class='ocrx_word' id='word_1_182' title='bbox 471 1460 573 1509; x_wconf 88' lang='grc' dir='ltr'>φησί.</span> <span class='ocrx_word' id='word_1_183' title='bbox 604 1457 701 1495; x_wconf 79' lang='lat' dir='ltr'><strong>ibid.</strong></span> <span class='ocrx_word' id='word_1_184' title='bbox 728 1461 815 1495; x_wconf 83' lang='lat'><strong>215.</strong></span> <span class='ocrx_word' id='word_1_185' title='bbox 859 1461 907 1510; x_wconf 76' lang='grc' dir='ltr'><strong>τῷ</strong></span> <span class='ocrx_word' id='word_1_186' title='bbox 939 1459 1072 1508; x_wconf 74' lang='grc' dir='ltr'>κέντρῳ</span> <span class='ocrx_word' id='word_1_187' title='bbox 1098 1456 1347 1508; x_wconf 75' lang='grc' dir='ltr'>ἐξαιμᾶσσειν,</span> <span class='ocrx_word' id='word_1_188' title='bbox 1375 1456 1434 1491; x_wconf 84' lang='grc' dir='ltr'><strong>καὶ</strong></span> <span class='ocrx_word' id='word_1_189' title='bbox 1463 1453 1634 1502; x_wconf 76' lang='grc' dir='ltr'>ἔναιμον,</span> <span class='ocrx_word' id='word_1_190' title='bbox 1662 1453 1722 1489; x_wconf 85' lang='grc' dir='ltr'><strong>καὶ</strong></span> 
     </span>
     <span class='ocr_line' id='line_1_22' title="bbox 257 1510 1723 1570; baseline -0.004 -13"><span class='ocrx_word' id='word_1_191' title='bbox 257 1518 458 1570; x_wconf 74' lang='grc' dir='ltr'>ἐναιμῶὲες</span> <span class='ocrx_word' id='word_1_192' title='bbox 482 1522 586 1569; x_wconf 64' lang='grc' dir='ltr'>παρὰ</span> <span class='ocrx_word' id='word_1_193' title='bbox 602 1520 838 1570; x_wconf 85' lang='grc' dir='ltr'>Ἀντιφῶντι.</span> <span class='ocrx_word' id='word_1_194' title='bbox 869 1519 966 1557; x_wconf 84' lang='lat' dir='ltr'><strong>ibid.</strong></span> <span class='ocrx_word' id='word_1_195' title='bbox 985 1522 1078 1557; x_wconf 79' lang='lat'><strong>223.</strong></span> <span class='ocrx_word' id='word_1_196' title='bbox 1102 1521 1161 1556; x_wconf 83' lang='grc' dir='ltr'><strong>καὶ</strong></span> <span class='ocrx_word' id='word_1_197' title='bbox 1177 1520 1365 1565; x_wconf 86' lang='grc' dir='ltr'>Ἀντιφῶν</span> <span class='ocrx_word' id='word_1_198' title='bbox 1386 1516 1421 1554; x_wconf 74' lang='grc' dir='ltr'><strong>’δὲ</strong></span> <span class='ocrx_word' id='word_1_199' title='bbox 1450 1518 1605 1567; x_wconf 80' lang='grc' dir='ltr'>ε’ἱρηκεν·</span> <span class='ocrx_word' id='word_1_200' title='bbox 1624 1515 1664 1552; x_wconf 79' lang='grc' dir='ltr'><strong>ἐν</strong></span> <span class='ocrx_word' id='word_1_201' title='bbox 1692 1510 1723 1566; x_wconf 63' lang='grc' dir='ltr'><em>ᾧ</em></span> 
     </span>
     <span class='ocr_line' id='line_1_23' title="bbox 258 1575 1720 1632; baseline -0.003 -14"><span class='ocrx_word' id='word_1_202' title='bbox 258 1582 300 1620; x_wconf 85' lang='grc' dir='ltr'><strong>τὸ</strong></span> <span class='ocrx_word' id='word_1_203' title='bbox 330 1580 495 1632; x_wconf 75' lang='grc' dir='ltr'>ἔμβρυον</span> <span class='ocrx_word' id='word_1_204' title='bbox 525 1580 722 1626; x_wconf 74' lang='grc' dir='ltr'>αὒξάνεταί</span> <span class='ocrx_word' id='word_1_205' title='bbox 750 1597 787 1617; x_wconf 88' lang='grc' dir='ltr'><strong>τε</strong></span> <span class='ocrx_word' id='word_1_206' title='bbox 815 1582 875 1618; x_wconf 84' lang='grc' dir='ltr'><strong>καὶ</strong></span> <span class='ocrx_word' id='word_1_207' title='bbox 894 1583 1071 1630; x_wconf 81' lang='grc' dir='ltr'>τρέφεται,</span> <span class='ocrx_word' id='word_1_208' title='bbox 1091 1583 1258 1617; x_wconf 79' lang='grc' dir='ltr'>καλεῖται</span> <span class='ocrx_word' id='word_1_209' title='bbox 1285 1583 1431 1631; x_wconf 85' lang='grc' dir='ltr'>χορίον.</span> <span class='ocrx_word' id='word_1_210' title='bbox 1487 1576 1602 1627; x_wconf 82' lang='lat' dir='ltr'><strong>Apud</strong></span> <span class='ocrx_word' id='word_1_211' title='bbox 1623 1575 1720 1614; x_wconf 77' lang='lat' dir='ltr'><strong>alios</strong></span> 
     </span>
     <span class='ocr_line' id='line_1_24' title="bbox 256 1639 1607 1692; baseline -0.001 -12"><span class='ocrx_word' id='word_1_212' title='bbox 256 1643 472 1692; x_wconf 86' lang='lat' dir='ltr'><strong>scriptores</strong></span> <span class='ocrx_word' id='word_1_213' title='bbox 494 1640 613 1690; x_wconf 84' lang='lat' dir='ltr'><strong>hujus</strong></span> <span class='ocrx_word' id='word_1_214' title='bbox 629 1640 885 1691; x_wconf 84' lang='lat' dir='ltr'><strong>Antiphontis</strong></span> <span class='ocrx_word' id='word_1_215' title='bbox 906 1640 1047 1679; x_wconf 87' lang='lat' dir='ltr'><strong>nullam</strong></span> <span class='ocrx_word' id='word_1_216' title='bbox 1069 1640 1304 1678; x_wconf 90' lang='lat' dir='ltr'><strong>mentionem</strong></span> <span class='ocrx_word' id='word_1_217' title='bbox 1322 1639 1548 1679; x_wconf 87' lang='lat' dir='ltr'><strong>invenimus.</strong></span> <span class='ocrx_word' id='word_1_218' title='bbox 1603 1652 1607 1654; x_wconf 82' lang='lat'>&#39;</span> 
     </span>
    </p>

    <p class='ocr_par' dir='ltr' id='par_1_4' title="bbox 261 1699 1722 2061">
     <span class='ocr_line' id='line_1_25' title="bbox 313 1699 1720 1753; baseline -0.003 -12"><span class='ocrx_word' id='word_1_219' title='bbox 313 1704 383 1742; x_wconf 90' lang='lat' dir='ltr'><strong>IV.</strong></span> <span class='ocrx_word' id='word_1_220' title='bbox 421 1703 636 1753; x_wconf 88' lang='lat' dir='ltr'><strong>Antiphon,</strong></span> <span class='ocrx_word' id='word_1_221' title='bbox 670 1702 927 1752; x_wconf 86' lang='lat' dir='ltr'><strong>Philosophus</strong></span> <span class='ocrx_word' id='word_1_222' title='bbox 958 1708 997 1739; x_wconf 89' lang='lat' dir='ltr'><strong>et</strong></span> <span class='ocrx_word' id='word_1_223' title='bbox 1024 1702 1340 1748; x_wconf 89' lang='lat' dir='ltr'><strong>Mathematicus,</strong></span> <span class='ocrx_word' id='word_1_224' title='bbox 1373 1701 1439 1751; x_wconf 91' lang='lat' dir='ltr'><strong>qui</strong></span> <span class='ocrx_word' id='word_1_225' title='bbox 1470 1700 1627 1750; x_wconf 85' lang='lat' dir='ltr'><strong>scripsit</strong></span> <span class='ocrx_word' id='word_1_226' title='bbox 1658 1699 1720 1737; x_wconf 91' lang='lat' dir='ltr'><strong>De</strong></span> 
     </span>
     <span class='ocr_line' id='line_1_26' title="bbox 261 1760 1720 1816; baseline -0.004 -13"><span class='ocrx_word' id='word_1_227' title='bbox 261 1765 500 1816; x_wconf 85' lang='lat' dir='ltr'><strong>quadratura</strong></span> <span class='ocrx_word' id='word_1_228' title='bbox 518 1762 668 1809; x_wconf 89' lang='lat' dir='ltr'><strong>circuli,</strong></span> <span class='ocrx_word' id='word_1_229' title='bbox 688 1770 728 1800; x_wconf 88' lang='lat' dir='ltr'><strong>et</strong></span> <span class='ocrx_word' id='word_1_230' title='bbox 751 1763 809 1801; x_wconf 91' lang='lat' dir='ltr'><strong>De</strong></span> <span class='ocrx_word' id='word_1_231' title='bbox 823 1775 950 1801; x_wconf 90' lang='lat' dir='ltr'><strong>rerum</strong></span> <span class='ocrx_word' id='word_1_232' title='bbox 970 1768 1122 1809; x_wconf 87' lang='lat' dir='ltr'><strong>natura,</strong></span> <span class='ocrx_word' id='word_1_233' title='bbox 1133 1761 1313 1800; x_wconf 88' lang='lat' dir='ltr'><strong>laudatus</strong></span> <span class='ocrx_word' id='word_1_234' title='bbox 1330 1761 1530 1799; x_wconf 90' lang='lat' dir='ltr'><strong>Aristoteli</strong></span> <span class='ocrx_word' id='word_1_235' title='bbox 1547 1760 1720 1810; x_wconf 85' lang='lat' dir='ltr'><strong>Sophist.</strong></span> 
     </span>
     <span class='ocr_line' id='line_1_27' title="bbox 262 1822 1721 1876; baseline -0.003 -11"><span class='ocrx_word' id='word_1_236' title='bbox 262 1827 426 1865; x_wconf 85' lang='lat' dir='ltr'><strong>Elench.</strong></span> <span class='ocrx_word' id='word_1_237' title='bbox 456 1827 488 1863; x_wconf 91' lang='grc' dir='ltr'>Ι.</span> <span class='ocrx_word' id='word_1_238' title='bbox 521 1830 583 1863; x_wconf 89' lang='grc'><strong>10.</strong></span> <span class='ocrx_word' id='word_1_239' title='bbox 614 1831 653 1864; x_wconf 93' lang='lat' dir='ltr'><strong>et</strong></span> <span class='ocrx_word' id='word_1_240' title='bbox 681 1825 798 1876; x_wconf 87' lang='lat' dir='ltr'><strong>Phys.</strong></span> <span class='ocrx_word' id='word_1_241' title='bbox 829 1825 860 1863; x_wconf 95' lang='lat' dir='ltr'><strong>I.</strong></span> <span class='ocrx_word' id='word_1_242' title='bbox 890 1829 929 1863; x_wconf 85' lang='lat'><strong>2.</strong></span> <span class='ocrx_word' id='word_1_243' title='bbox 959 1825 1124 1875; x_wconf 88' lang='lat' dir='ltr'><strong>ejusque</strong></span> <span class='ocrx_word' id='word_1_244' title='bbox 1161 1824 1459 1875; x_wconf 87' lang='lat' dir='ltr'><strong>Interpretibus,</strong></span> <span class='ocrx_word' id='word_1_245' title='bbox 1491 1822 1721 1870; x_wconf 71' lang='lat' dir='ltr'><strong>Themistio,</strong></span> 
     </span>
     <span class='ocr_line' id='line_1_28' title="bbox 262 1884 1722 1938; baseline -0.003 -12"><span class='ocrx_word' id='word_1_246' title='bbox 262 1888 480 1938; x_wconf 89' lang='lat' dir='ltr'><strong>Simplicio,</strong></span> <span class='ocrx_word' id='word_1_247' title='bbox 507 1887 742 1937; x_wconf 89' lang='lat' dir='ltr'><strong>Philopono,</strong></span> <span class='ocrx_word' id='word_1_248' title='bbox 763 1886 854 1924; x_wconf 91' lang='lat' dir='ltr'><strong>item</strong></span> <span class='ocrx_word' id='word_1_249' title='bbox 884 1886 1096 1924; x_wconf 87' lang='lat' dir='ltr'><strong>Plutarcho</strong></span> <span class='ocrx_word' id='word_1_250' title='bbox 1116 1885 1165 1924; x_wconf 86' lang='lat' dir='ltr'><strong>de</strong></span> <span class='ocrx_word' id='word_1_251' title='bbox 1185 1885 1324 1923; x_wconf 84' lang='lat' dir='ltr'><strong>Placit.</strong></span> <span class='ocrx_word' id='word_1_252' title='bbox 1345 1884 1574 1935; x_wconf 88' lang='lat' dir='ltr'><strong>Philosoph.</strong></span> <span class='ocrx_word' id='word_1_253' title='bbox 1596 1884 1651 1922; x_wconf 82' lang='grc' dir='ltr'>Η.</span> <span class='ocrx_word' id='word_1_254' title='bbox 1680 1896 1722 1935; x_wconf 91' lang='lat' dir='ltr'><strong>p.</strong></span> 
     </span>
     <span class='ocr_line' id='line_1_29' title="bbox 261 1946 1720 1998; baseline -0.002 -10"><span class='ocrx_word' id='word_1_255' title='bbox 261 1955 354 1989; x_wconf 88' lang='grc'>901.</span> <span class='ocrx_word' id='word_1_256' title='bbox 387 1949 524 1987; x_wconf 87' lang='lat' dir='ltr'><strong>Proclo</strong></span> <span class='ocrx_word' id='word_1_257' title='bbox 544 1948 583 1986; x_wconf 91' lang='lat' dir='ltr'><strong>in</strong></span> <span class='ocrx_word' id='word_1_258' title='bbox 606 1948 777 1986; x_wconf 89' lang='lat' dir='ltr'><strong>Platonis</strong></span> <span class='ocrx_word' id='word_1_259' title='bbox 796 1948 987 1985; x_wconf 85' lang='lat' dir='ltr'><strong>Timaeum</strong></span> <span class='ocrx_word' id='word_1_260' title='bbox 1010 1951 1098 1998; x_wconf 89' lang='lat' dir='ltr'><strong>p.4.</strong></span> <span class='ocrx_word' id='word_1_261' title='bbox 1128 1947 1289 1985; x_wconf 87' lang='lat' dir='ltr'><strong>Stobaeo</strong></span> <span class='ocrx_word' id='word_1_262' title='bbox 1310 1947 1395 1984; x_wconf 88' lang='lat' dir='ltr'><strong>Ecl.</strong></span> <span class='ocrx_word' id='word_1_263' title='bbox 1413 1946 1531 1997; x_wconf 85' lang='lat' dir='ltr'><strong>Phys.</strong></span> <span class='ocrx_word' id='word_1_264' title='bbox 1550 1947 1583 1983; x_wconf 87' lang='grc' dir='ltr'>Ι.</span> <span class='ocrx_word' id='word_1_265' title='bbox 1601 1959 1641 1996; x_wconf 91' lang='lat' dir='ltr'><strong>p.</strong></span> <span class='ocrx_word' id='word_1_266' title='bbox 1654 1949 1720 1985; x_wconf 87' lang='lat'><strong>55.</strong></span> 
     </span>
     <span class='ocr_line' id='line_1_30' title="bbox 264 2008 1435 2061; baseline -0.004 -11"><span class='ocrx_word' id='word_1_267' title='bbox 264 2016 329 2051; x_wconf 87' lang='lat'><strong>59.</strong></span> <span class='ocrx_word' id='word_1_268' title='bbox 359 2010 528 2049; x_wconf 86' lang='lat' dir='ltr'><strong>Eusebio</strong></span> <span class='ocrx_word' id='word_1_269' title='bbox 550 2011 677 2061; x_wconf 86' lang='lat' dir='ltr'><strong>Praep.</strong></span> <span class='ocrx_word' id='word_1_270' title='bbox 698 2010 843 2060; x_wconf 85' lang='lat' dir='ltr'><strong>Evang.</strong></span> <span class='ocrx_word' id='word_1_271' title='bbox 865 2009 953 2048; x_wconf 92' lang='lat' dir='ltr'><strong>XV.</strong></span> <span class='ocrx_word' id='word_1_272' title='bbox 974 2022 1015 2060; x_wconf 89' lang='lat' dir='ltr'><strong>p.</strong></span> <span class='ocrx_word' id='word_1_273' title='bbox 1033 2013 1125 2047; x_wconf 80' lang='lat'><strong>838.</strong></span> <span class='ocrx_word' id='word_1_274' title='bbox 1146 2012 1239 2050; x_wconf 82' lang='lat'><strong>851,</strong></span> <span class='ocrx_word' id='word_1_275' title='bbox 1258 2008 1435 2058; x_wconf 90' lang='lat' dir='ltr'><strong>aliisque.</strong></span> 
     </span>
    </p>

    <p class='ocr_par' dir='ltr' id='par_1_5' title="bbox 263 2068 1724 2246">
     <span class='ocr_line' id='line_1_31' title="bbox 318 2068 1724 2123; baseline -0.001 -14"><span class='ocrx_word' id='word_1_276' title='bbox 318 2074 369 2112; x_wconf 92' lang='lat' dir='ltr'><strong>V.</strong></span> <span class='ocrx_word' id='word_1_277' title='bbox 407 2073 623 2123; x_wconf 87' lang='lat' dir='ltr'><strong>Antiphon,</strong></span> <span class='ocrx_word' id='word_1_278' title='bbox 654 2072 860 2118; x_wconf 87' lang='lat' dir='ltr'><strong>recentior,</strong></span> <span class='ocrx_word' id='word_1_279' title='bbox 891 2076 933 2108; x_wconf 92' lang='lat' dir='ltr'><strong>ut</strong></span> <span class='ocrx_word' id='word_1_280' title='bbox 961 2071 1126 2117; x_wconf 88' lang='lat' dir='ltr'><strong>videtur,</strong></span> <span class='ocrx_word' id='word_1_281' title='bbox 1157 2069 1438 2121; x_wconf 87' lang='lat' dir='ltr'><strong>superioribus,</strong></span> <span class='ocrx_word' id='word_1_282' title='bbox 1471 2069 1538 2119; x_wconf 91' lang='lat' dir='ltr'><strong>qui</strong></span> <span class='ocrx_word' id='word_1_283' title='bbox 1567 2068 1724 2120; x_wconf 90' lang='lat' dir='ltr'><strong>scripsit</strong></span> 
     </span>
     <span class='ocr_line' id='line_1_32' title="bbox 263 2130 1723 2188; baseline -0.003 -14"><span class='ocrx_word' id='word_1_284' title='bbox 263 2138 342 2185; x_wconf 75' lang='grc' dir='ltr'>περὶ</span> <span class='ocrx_word' id='word_1_285' title='bbox 365 2140 428 2173; x_wconf 84' lang='grc' dir='ltr'><strong>τοῦ</strong></span> <span class='ocrx_word' id='word_1_286' title='bbox 453 2133 541 2182; x_wconf 80' lang='grc' dir='ltr'>βίου</span> <span class='ocrx_word' id='word_1_287' title='bbox 559 2137 634 2172; x_wconf 91' lang='grc' dir='ltr'><strong>τῶν</strong></span> <span class='ocrx_word' id='word_1_288' title='bbox 653 2134 707 2171; x_wconf 85' lang='grc' dir='ltr'><strong>ἐπ’</strong></span> <span class='ocrx_word' id='word_1_289' title='bbox 727 2136 837 2188; x_wconf 77' lang='grc' dir='ltr'>ἀρετῇ</span> <span class='ocrx_word' id='word_1_290' title='bbox 856 2133 1158 2185; x_wconf 80' lang='grc' dir='ltr'>πρωτευσάντων,</span> <span class='ocrx_word' id='word_1_291' title='bbox 1179 2131 1359 2170; x_wconf 84' lang='lat' dir='ltr'><strong>laudatus</strong></span> <span class='ocrx_word' id='word_1_292' title='bbox 1380 2130 1546 2182; x_wconf 84' lang='lat' dir='ltr'><strong>Diogeni</strong></span> <span class='ocrx_word' id='word_1_293' title='bbox 1565 2130 1723 2170; x_wconf 65' lang='lat' dir='ltr'><strong>Laertio</strong></span> 
     </span>
     <span class='ocr_line' id='line_1_33' title="bbox 265 2193 1216 2246; baseline -0.004 -12"><span class='ocrx_word' id='word_1_294' title='bbox 265 2197 380 2234; x_wconf 90' lang='lat' dir='ltr'><strong>VIII.</strong></span> <span class='ocrx_word' id='word_1_295' title='bbox 402 2201 440 2234; x_wconf 87' lang='lat'><strong>3.</strong></span> <span class='ocrx_word' id='word_1_296' title='bbox 461 2202 499 2233; x_wconf 88' lang='lat' dir='ltr'><strong>et</strong></span> <span class='ocrx_word' id='word_1_297' title='bbox 521 2194 742 2246; x_wconf 82' lang='lat' dir='ltr'><strong>Porphyrio</strong></span> <span class='ocrx_word' id='word_1_298' title='bbox 761 2194 810 2232; x_wconf 94' lang='lat' dir='ltr'><strong>de</strong></span> <span class='ocrx_word' id='word_1_299' title='bbox 830 2194 909 2231; x_wconf 84' lang='lat' dir='ltr'><strong>vita</strong></span> <span class='ocrx_word' id='word_1_300' title='bbox 930 2193 1097 2245; x_wconf 82' lang='lat' dir='ltr'><strong>Pythag.</strong></span> <span class='ocrx_word' id='word_1_301' title='bbox 1118 2206 1156 2243; x_wconf 93' lang='lat' dir='ltr'><strong>p.</strong></span> <span class='ocrx_word' id='word_1_302' title='bbox 1178 2198 1216 2231; x_wconf 89' lang='grc'>9.</span> 
     </span>
    </p>

    <p class='ocr_par' dir='ltr' id='par_1_6' title="bbox 268 2253 1727 2369">
     <span class='ocr_line' id='line_1_34' title="bbox 320 2253 1727 2307; baseline -0.003 -12"><span class='ocrx_word' id='word_1_303' title='bbox 320 2259 390 2295; x_wconf 93' lang='lat' dir='ltr'><strong>VI.</strong></span> <span class='ocrx_word' id='word_1_304' title='bbox 421 2257 634 2307; x_wconf 89' lang='lat' dir='ltr'><strong>Antiphon,</strong></span> <span class='ocrx_word' id='word_1_305' title='bbox 666 2255 834 2306; x_wconf 89' lang='lat' dir='ltr'><strong>scriptor</strong></span> <span class='ocrx_word' id='word_1_306' title='bbox 864 2255 952 2294; x_wconf 89' lang='lat' dir='ltr'><strong>libri</strong></span> <span class='ocrx_word' id='word_1_307' title='bbox 978 2257 1057 2306; x_wconf 83' lang='grc' dir='ltr'>περὶ</span> <span class='ocrx_word' id='word_1_308' title='bbox 1090 2254 1325 2306; x_wconf 83' lang='grc' dir='ltr'>Γεωργικῶν,</span> <span class='ocrx_word' id='word_1_309' title='bbox 1357 2267 1473 2305; x_wconf 89' lang='lat' dir='ltr'><strong>quem</strong></span> <span class='ocrx_word' id='word_1_310' title='bbox 1504 2266 1600 2292; x_wconf 87' lang='lat' dir='ltr'><strong>unus</strong></span> <span class='ocrx_word' id='word_1_311' title='bbox 1629 2253 1727 2292; x_wconf 82' lang='lat' dir='ltr'><strong>citat</strong></span> 
     </span>
     <span class='ocr_line' id='line_1_35' title="bbox 268 2318 881 2369; baseline -0.002 -11"><span class='ocrx_word' id='word_1_312' title='bbox 268 2319 485 2358; x_wconf 75' lang='lat' dir='ltr'><strong>Athenaeus</strong></span> <span class='ocrx_word' id='word_1_313' title='bbox 504 2319 530 2356; x_wconf 91' lang='lat' dir='ltr'><strong>l.</strong></span> <span class='ocrx_word' id='word_1_314' title='bbox 553 2319 641 2356; x_wconf 91' lang='lat' dir='ltr'><strong>XV.</strong></span> <span class='ocrx_word' id='word_1_315' title='bbox 662 2331 702 2369; x_wconf 88' lang='lat' dir='ltr'><strong>p.</strong></span> <span class='ocrx_word' id='word_1_316' title='bbox 722 2321 813 2356; x_wconf 85' lang='lat'><strong>650.</strong></span> <span class='ocrx_word' id='word_1_317' title='bbox 836 2318 881 2357; x_wconf 87' lang='lat' dir='ltr'><strong>E.</strong></span> 
     </span>
    </p>
   </div>
  </div>
 </body>
</html>
