1818 3189
411 372 765 447 ADDENnUM
801 406 883 448 EX
916 405 1175 448 SCHEDIS
1207 405 1487 448 TAYLORI.

221 576 422 610 Asnocmzs
437 580 583 619 Leugorae
606 581 649 611 fil.
664 581 862 611 Athenienses
876 591 928 611 na-

218 626 269 649 tus
287 621 408 661 Olymp.
425 624 478 652 78.
492 626 519 652 1.
543 623 738 663 Theogenide
761 624 925 654 Archonte.

219 663 319 692 Vitam
350 665 502 703 scripsere
529 667 726 703 Plutarchus,
755 666 926 702 Fabricius,

217 705 339 736 suidas.
361 708 515 748 Leogoras
529 713 616 748 pater
638 709 807 740 Andocidis
822 721 925 748 κωμῳ-

217 748 309 777 δεῖται
325 749 356 778 iu
370 751 515 781 Nubibus
529 762 561 782 v.
577 753 728 782 schohad
746 754 820 782 109.
866 755 924 781 An-

216 790 344 820 docides
375 798 478 823 orator
514 794 663 834 Leogorae
700 795 751 824 ’τοῦ
774 792 926 824 Ἀνδοκίδου

212 834 262 861 τοῦ
275 835 424 875 Λεωγόρου.
448 836 579 866 Palmer.
607 839 721 867 Exere.
747 837 784 866 ad
806 838 880 875 Lys.
894 840 925 865 et

215 885 282 914 qnae
300 887 355 906 nos
371 879 402 907 in
430 879 577 917 margine,
602 884 633 909 et
656 880 773 909 Audon.
798 879 867 918 ipse
892 879 923 908 in

213 924 292 950 orat.
328 920 377 949 Ita
389 926 423 950 ut
437 921 615 951 Andocides
630 922 683 951 ille
695 923 855 959 Leogorae‚
871 922 924 961 qui

209 963 282 991 navi
298 963 421 1002 praefuit
434 964 465 992 in
481 964 562 993 bello
573 965 735 1002 Corcyraeo
746 964 886 1003 Thucyd.
902 964 923 994 l.

210 1007 240 1034 1.
251 1006 382 1040 πάππος
393 1007 500 1044 procul
512 1007 607 1036 dubio
619 1007 678 1037 suit
690 1007 829 1036 oratoris.
858 1008 923 1036 No-

210 1052 275 1077 ster
300 1049 379 1078 enim
396 1048 449 1078 vix
469 1049 527 1078 fuit
550 1060 606 1089 per
629 1055 759 1078 aetatem.
776 1060 804 1079 v.
822 1054 923 1079 tamen

209 1099 278 1127 quae
295 1100 349 1120 nos
365 1091 403 1120 ad
419 1091 542 1130 Lysiam
555 1103 583 1121 c.
598 1091 752 1121 Andocid.
766 1091 876 1121 Suidas
891 1093 922 1121 in

209 1130 369 1168 Ἀνδοκίδης.
402 1132 542 1162 Φασιανοί.
571 1136 676 1164 Tzetz.
707 1133 785 1163 Chil.
815 1135 845 1163 6.
869 1136 921 1165 43.

205 1175 402 1206 Plutarch.in
418 1176 518 1205 Alcib.
533 1176 709 1206 Andocides
720 1175 778 1204 fuit
790 1174 921 1214 ζητητής.

210 1218 368 1258 Harpocr.
384 1219 413 1247 in
431 1229 459 1248 v.
477 1217 508 1247 ἐκ
520 1221 573 1248 τῶν
588 1217 655 1248 δέκα
670 1217 791 1258 ῥητόρων.
821 1218 920 1246 Theo-

208 1261 306 1291 doret.
327 1262 423 1291 Serui.
437 1264 467 1291 6.
492 1262 631 1301 Hesych.
647 1258 920 1299 ἈνδοκίδουἛςμῆς.

208 1304 384 1334 Andocides
408 1304 538 1340 Quintil.
562 1315 594 1344 p.
618 1306 715 1334 1090.
739 1304 788 1332 ed.
814 1304 918 1332 Burm.

208 1347 309 1377 Amm.
325 1346 465 1376 Marcell.
486 1357 563 1376 xxx.
580 1350 610 1377 4.
656 1346 786 1375 Palmer.
802 1345 917 1374 Exere.

208 1399 240 1428 p.
259 1392 334 1420 667.
350 1401 395 1428 sq.
413 1390 415 1392 ’
440 1392 546 1419 Statua
569 1389 659 1419 Fulv.
678 1387 779 1418 Ursin.
795 1387 915 1426 Imagg.

210 1444 239 1471 p.
255 1435 307 1462 73.
324 1433 406 1462 Plut.
421 1432 449 1460 in
466 1433 567 1461 Alcib.
583 1432 673 1461 Corn.
691 1432 806 1468 Nepos.
822 1430 916 1468 Spon.

204 1481 310 1505 contra
334 1474 459 1505 Guillet.
478 1485 509 1513 p.
525 1477 577 1505 52.
600 1472 748 1503 Dairvall.
763 1477 822 1502 etc.
855 1477 913 1501 etc.

205 1518 381 1548 Andocides
403 1518 506 1547 Schol.
529 1516 688 1556 Aristoph.
704 1516 798 1553 Vesp.
819 1517 913 1545 1001.

207 1561 338 1600 Dionys.
369 1560 473 1590 Halic.
504 1561 549 1589 11.
579 1571 610 1599 p.
641 1569 735 1598 marg.
764 1560 816 1588 82.
840 1559 913 1588 161.

205 1603 386 1633 Andocides
396 1604 607 1642 Pythagoreus
615 1601 794 1641 Apostotius
806 1600 914 1629 XVII.

204 1647 257 1675 33.
276 1646 353 1676 maie
369 1646 471 1676 editur
485 1645 682 1684 Audocydes.
739 1643 915 1673 Andocides

204 1689 320 1717 rhetor.
351 1689 507 1719 Plutarch.
531 1689 579 1718 ed.
602 1687 763 1717 Graecolat.
787 1695 818 1724 p.
844 1688 915 1715 128.

206 1741 234 1758 c·
252 1733 325 1761 201.
348 1733 369 1761 f.
393 1731 573 1761 Andocides
603 1731 701 1760 Clem.
725 1729 813 1759 Alex.
841 1730 916 1763 625,

204 1775 277 1804 626.
324 1774 462 1804 Eudocia
488 1775 555 1804 MS.
581 1773 691 1802 Pollux
710 1777 740 1808 Q,
758 1774 812 1806 58,
838 1771 918 1800 Har-

204 1827 291 1855 pocr.
311 1827 339 1847 v.
361 1815 550 1857 Ἀνωςθίαζον.
573 1816 693 1846 Suidas.
720 1826 748 1845 v.
775 1813 918 1853 Ἀναυμα-

960 579 1035 622 χίου.
1058 579 1298 621 Ἀνωρθιασμένον.
1320 579 1428 621 Ἀρετή.
1450 578 1672 617 Ἐωεσκήψιιτω

960 621 1104 663 Ἐταιςεία.
1121 623 1274 661 Anyto-*rat
1290 624 1401 663 Ne—hfna.
1424 623 1550 661 Σκάνδιξ.
1565 624 1670 655 TzetZ.

961 670 991 698 6.
1004 667 1077 696 367.
1096 666 1228 705 Etymol.
1243 667 1289 696 M.
1307 677 1334 696 v.
1349 664 1560 703 Ἐπεσκέψατο.
1597 667 1671 696 Pal-

958 719 1033 738 mer.
1061 708 1221 739 Editiones
1254 709 1432 738 Andocidis.
1464 710 1535 738 Atd.
1563 709 1670 748 steph.

959 752 1120 781 Graecolat.
1143 761 1212 780 cum
1227 751 1410 789 Antiphonte
1428 756 1458 781 et
1473 752 1555 781 Isaeo
1569 762 1606 780 ex
1623 752 1669 781 in-

958 798 1053 832 terpr.
1080 794 1173 832 Alph.
1205 793 1328 822 Miniati
1363 793 1486 824 Hanov.
1515 796 1608 824 1619.
1638 797 1669 825 8.

957 836 1076 866 Andoc.
1092 837 1131 865 de
1148 846 1224 874 pace
1236 845 1304 864 cum
1316 836 1429 865 Laced.
1446 836 1584 866 facienda
1598 846 1668 866 ora-

957 878 1001 908 tio
1017 889 1062 918 gr.
1077 879 1217 907 Wechel.
1231 879 1324 909 1557.
1339 881 1370 908 4.
1388 888 1417 907 v.
1431 878 1577 908 Biblioth.
1594 879 1670 908 Pre-

956 927 1036 951 vost.
1054 932 1085 961 ρ.
1098 923 1149 952 96.
1165 924 1196 949 et
1212 920 1332 950 Fabric.
1355 920 1393 949 ad
1419 921 1510 952 Phor.
1537 925 1560 950 t.
1586 922 1615 951 9.
1640 932 1671 961 p.

956 964 1031 994 500.
1070 963 1218 993 Biblioth.
1247 962 1399 992 Mattaire.
1435 964 1542 993 eadem
1573 963 1669 993 oratio

957 1007 1063 1036 Latine
1079 1006 1154 1035 Adr.
1179 1005 1304 1034 Pnlnaeo
1316 1005 1481 1044 interprete
1500 1005 1579 1045 apud
1595 1016 1668 1035 eun>-

956 1049 1024 1079 dem
1037 1047 1248 1089 [Wechelium
1261 1047 1351 1088 puta]
1363 1049 1456 1078 1557.
1473 1051 1503 1078 4.
1518 1047 1668 1078 Biblioth.

956 1092 1111 1127 Mattaire‚
1126 1100 1219 1129 penes
1236 1101 1293 1120 me.
1308 1090 1424 1120 Valerii
1439 1090 1574 1120 Theonis
1586 1101 1669 1120 eorn-

955 1134 1093 1162 mentarii
1122 1133 1151 1162 in
1183 1133 1382 1162 Andocidem.
1411 1134 1497 1163 Suid.
1527 1143 1556 1163 v.
1584 1132 1669 1164 Θέων.

955 1175 1070 1204 Contra
1085 1175 1275 1205 Andocidem
1293 1175 1366 1205 olim
1388 1175 1513 1215 scripsit
1527 1176 1668 1205 Theodo-

953 1227 1007 1246 rus
1020 1218 1218 1256 BJzantiuus.
1231 1218 1318 1248 Suid.
1332 1218 1363 1247 in
1377 1218 1515 1259 Θεόδωρος.
1558 1218 1668 1248 Hella-

952 1259 1040 1289 nicus
1054 1260 1148 1289 refert
1163 1270 1260 1298 genus
1271 1261 1440 1291 Andocidis
1457 1262 1494 1290 ad
1511 1260 1668 1299 Ulyssem.

952 1301 1106 1331 Plutarch.
1126 1301 1158 1330 in
1184 1303 1284 1332 Alcib.
1302 1304 1398 1333 oratio
1413 1303 1512 1342 prima
1531 1302 1593 1342 περὶ
1606 1315 1667 1342 μυ-

950 1343 1067 1383 στηρίων
1090 1343 1223 1375 Galenus
1238 1351 1258 1374 t.
1277 1347 1306 1375 5.
1324 1355 1353 1383 p.
1372 1348 1445 1376 603.
1461 1346 1614 1383 Harpocr.
1635 1356 1668 1376 v.

948 1385 1098 1416 Ἀνδοκίδου
1107 1386 1219 1426 ‘Bw-fig.
1229 1385 1352 1418 'Em-:cml
1357 1386 1594 1427 ψατο.“Εταιςεία.
1612 1394 1669 1419 Θη-

947 1429 1066 1467 μακεύς.
1078 1430 1218 1466 Λογισταὶ
1235 1429 1283 1459 καὶ
1293 1430 1474 1469 mytra-rigia..
1489 1430 1623 1468 Etymol.
1637 1441 1667 1460 v.

947 1469 1168 1510 Ἄμφω-θητῶν.
1186 1471 1211 1501 ἐν
1226 1471 1269 1510 τῷ
1278 1473 1337 1512 περὶ
1353 1472 1494 1511 ἐνδείξεως.
1521 1473 1620 1511 Harp.
1635 1483 1666 1503 v.

950 1514 1088 1548 Ζητητής.
1100 1515 1244 1544 Testatur
1256 1516 1439 1545 Plutarchus
1448 1515 1477 1544 in
1489 1514 1551 1544 vita
1560 1515 1668 1545 Nostri

949 1562 1072 1586 exstare
1093 1558 1158 1594 ejus
1186 1562 1276 1587 aetate
1302 1558 1470 1587 orationem
1494 1557 1665 1587 Andocidis

950 1600 1010 1639 πεξὶ
1025 1601 1074 1633 τῆς
1090 1597 1231 1637 ἐνδείξεως.
1275 1600 1374 1629 Credo
1387 1605 1485 1630 tamen
1495 1610 1560 1629 eam
1572 1600 1666 1639 ipsis-

951 1643 1055 1672 simam
1080 1652 1149 1672 essc
1174 1654 1237 1682 prae
1263 1643 1411 1672 manibus.
1437 1652 1469 1681 p.
1487 1645 1517 1672 2.
1536 1645 1588 1672 10.
1611 1644 1664 1673 16.

950 1685 1031 1714 illam
1053 1685 1217 1715 orationem
1238 1685 1342 1714 laudat
1366 1687 1517 1723 Harpocr.
1532 1695 1562 1714 v.
1578 1683 1666 1724 ζητη-

951 1727 1010 1761 τής.
1027 1738 1092 1765 quae
1108 1733 1208 1757 tamen
1224 1739 1285 1757 vox
1311 1732 1342 1757 et
1366 1728 1416 1757 hic
1432 1726 1573 1758 recurrit.
1588 1730 1619 1758 3.
1634 1730 1666 1758 6.

950 1770 1069 1808 ἔνδειξις.
1083 1772 1112 1800 5.
1129 1774 1156 1799 1.
1168 1771 1249 1811 ζητη.
1260 1773 1290 1801 6.
1304 1773 1355 1801 2⁶2.
1368 1769 1443 1800 ἒνδει.
1457 1773 1507 1800 10.
1518 1773 1550 1805 4,
1566 1772 1598 1801 5.
1611 1773 1664 1802 28.

953 1816 982 1843 2.
998 1816 1047 1843 10.
1065 1812 1143 1852 ζητη.
1159 1815 1189 1844 5.
1207 1814 1262 1843 ult.
1279 1824 1309 1843 v.
1327 1813 1428 1843 Vales.
1444 1813 1482 1842 ad
1499 1813 1598 1852 Harp.

331 1934 690 1977 ADDENDUM
724 1931 806 1974 EX
839 1929 1115 1971 SLUITERI
1148 1925 1557 1970 LECTIONIBUS

746 1986 1143 2030 ANDOCIDEIS.

205 2094 288 2124 HAEc
303 2092 408 2133 igitur,
433 2102 500 2132 quae
515 2091 736 2125 recensuimus,
750 2086 915 2118 nonnullis·

205 2147 264 2176 que
280 2135 399 2166 mendis
423 2135 524 2165 levare
541 2133 641 2164 conati
657 2142 773 2166 sumus,
794 2135 915 2159 aetatem

201 2180 338 2209 tulerunt
350 2178 462 2217 scripta
478 2176 658 2208 Andocidis.
704 2172 852 2211 Quamvis
863 2182 916 2200 au-

202 2226 265 2251 tem
280 2231 340 2251 non
355 2225 485 2256 constet,
498 2219 647 2260 permulta
660 2220 726 2257 ejus
748 2214 914 2254 antiquitus

204 2265 360 2294 exstitisse
374 2267 577 2298 monumenta,
591 2261 839 2291 nonnullatamen
852 2267 915 2287 me-

203 2312 371 2341 morantur,
391 2316 458 2345 quae
473 2305 624 2343 hodieque
646 2313 704 2333 non
720 2301 848 2340 amplius
864 2310 915 2329 su-

202 2354 339 2388 persunt,
357 2349 502 2378 nonnulla
517 2347 607 2377 etiarn
621 2346 744 2376 utillius
755 2344 916 2373 laudantur

201 2402 220 2421 a
250 2391 465 2422 Grammaticis
496 2390 637 2428 antiquis,
665 2399 732 2428 quae
760 2387 790 2416 in
822 2385 914 2415 editis

201 2434 372 2465 Andocidis
390 2433 512 2473 scriptis
537 2443 595 2462 non
616 2434 757 2461 exstant:
782 2433 850 2458 sunt
863 2437 915 2457 au-

198 2483 261 2508 tem
277 2477 342 2506 haec
358 2477 430 2506 fere.

244 2521 271 2549 1.
288 2519 394 2550 Oratio
411 2517 471 2558 περὶ
486 2519 536 2550 τῖς
549 2516 690 2556 ἐνδείξεως.
735 2515 823 2544 Hanc
833 2513 913 2551 Tay-

199 2563 285 2592 lorus
301 2564 385 2592 Lect.
400 2562 474 2600 Lys.
499 2571 525 2590 c.
541 2562 572 2589 6.
589 2559 713 2588 eandem
729 2568 796 2586 esse
815 2560 912 2595 putat,

201 2616 291 2644 quam
312 2605 462 2642 hodieque
480 2604 625 2632 habemus
651 2600 710 2638 περὶ
726 2602 780 2629 τῶν
794 2610 911 2638 μυστη-

201 2647 261 2688 ςίων
289 2647 476 2681 Orationem,
507 2644 648 2684 quoniam
685 2641 909 2680 Harpocration

201 2691 327 2720 verbum
345 2691 473 2723 Ζητητῆς
488 2699 527 2717 ex
537 2687 682 2717 Oratione
699 2685 757 2723 περὶ
770 2686 820 2718 τῆς
832 2682 908 2712 ἐνδεί-

199 2734 267 2773 ξεως
278 2733 404 2772 profert,
420 2732 501 2770 quod
514 2732 541 2760 in
558 2728 704 2759 Oratione
715 2727 748 2755 tle
762 2726 910 2764 Mysteriis

197 2776 311 2815 saepius
332 2775 484 2809 occurrit;
509 2774 668 2811 ipsumque
687 2768 818 2806 ἐνδείξεως
841 2778 908 2797 ver-

199 2820 271 2848 bum
288 2818 449 2856 aliquoties
474 2817 503 2845 in
529 2816 586 2844 hac
613 2812 757 2843 Oratione
785 2811 906 2849 legitur.

200 2861 342 2891 Valesius
357 2869 476 2898 quoque
497 2859 532 2887 ad
548 2854 820 2894 Harpocrationem
844 2852 908 2881 ‹1.t.

198 2904 325 2943 primum
339 2903 369 2932 in
386 2912 449 2931 earn
461 2902 484 2930 it
499 2900 691 2932 sententiam,
706 2906 794 2935 quam
807 2899 907 2942 tamen

199 2956 270 2976 mox
287 2945 441 2984 repudiat,
459 2948 489 2973 et
505 2953 571 2972 cum
588 2952 624 2972 eo
638 2938 837 2971 Ruhnkenius
850 2938 906 2967 Ηι-

201 2995 273 3019 stor.
288 2988 364 3017 Crit.
387 2989 439 3018 Or.
454 2988 507 3016 Gr.
524 2996 554 3024 p.
573 2985 624 3014 51.
674 2985 766 3012 {tecte
784 2981 905 3020 quidem

949 2089 979 2114 et
995 2094 1077 2113 vere.
1121 2084 1200 2113 Nam
1226 2086 1256 2112 et
1279 2081 1602 2112 Pseudo-Plutarchus
1631 2081 1662 2111 in

948 2126 1108 2157 Andocide
1133 2137 1165 2165 p.
1191 2129 1264 2156 855.
1290 2136 1322 2154 A.
1340 2126 1415 2154 duas
1430 2125 1483 2154 has
1499 2125 1662 2154 Orationes

949 2174 983 2199 ut
1019 2169 1157 2198 diversas
1187 2169 1301 2202 laudat,
1325 2173 1356 2197 et
1385 2167 1499 2206 saepius
1528 2164 1661 2205 ἐνδείξεως

947 2211 1066 2242 actione
1101 2213 1229 2250 petitum
1259 2210 1355 2240 fuisse
1384 2210 1573 2240 Andocidem
1596 2211 1662 2248 jam

947 2256 1023 2294 Cap.
1039 2254 1077 2283 V.
1093 2258 1124 2282 et
1137 2256 1194 2284 VI.
1222 2253 1402 2282 monuimus.
1447 2253 1556 2291 Itaque
1583 2252 1660 2281 hanc

947 2296 1122 2326 Orationem
1149 2297 1293 2335 scriptam
1322 2294 1561 2325 existimaverim
1592 2298 1662 2324 ante

947 2339 1122 2370 Orationem
1148 2340 1184 2369 de
1202 2338 1350 2378 Mysterz'z's
1366 2337 1395 2366 in
1411 2337 1465 2366 illa
1479 2336 1546 2372 lite,
1570 2346 1658 2376 quam

947 2383 975 2412 ei
987 2385 1097 2412 motam
1121 2382 1216 2412 fuisse
1241 2381 1283 2409 ait
1308 2380 1414 2418 Lysias
1428 2390 1459 2418 p.
1472 2381 1546 2409 105.
1560 2389 1591 2408 v.
1606 2382 1658 2410 42.

947 2424 1054 2455 Potuit
1068 2430 1167 2454 autem
1184 2425 1249 2453 haec
1266 2423 1373 2452 Oratio
1391 2421 1500 2450 similis
1512 2421 1659 2460 quodam-

946 2469 1037 2497 modo
1061 2467 1157 2497 fuisse
1181 2465 1351 2505 argumenti
1368 2464 1507 2494 Orationi
1529 2464 1564 2493 de
1586 2463 1656 2503 My-

945 2512 1047 2546 sterne,
1065 2514 1096 2539 et
1111 2510 1180 2539 hinc
1203 2509 1326 2549 ζητητῶν
1350 2506 1464 2536 mentio
1480 2506 1510 2534 in
1529 2510 1656 2544 utraque

946 2563 1013 2582 esse
1025 2554 1103 2582 facta
1116 2563 1124 2589 ;
1139 2562 1206 2590 quae
1221 2552 1288 2590 ipsa
1299 2550 1374 2579 ratio
1385 2549 1507 2586 aliquod
1523 2558 1656 2578 momen-

945 2602 1007 2624 tum
1024 2595 1109 2624 addit
1126 2594 1285 2624 sententiae
1301 2596 1412 2621 nostrae
1437 2591 1476 2619 de
1504 2597 1655 2630 tempore,

944 2648 1004 2676 quo
1019 2637 1123 2667 Oratio
1139 2637 1174 2666 cle
1191 2636 1300 2665 Reclitn
1316 2633 1406 2663 suerit
1420 2633 1533 2662 hahita.

988 2681 1031 2709 Π.
1057 2677 1217 2715 Ἀπολογία
1244 2676 1308 2716 mi:
1335 2674 1445 2705 Φαίακα
1460 2676 1539 2714 apud
1559 2675 1655 2704 Pseu-

941 2722 1194 2752 do-Plutarchum
1211 2721 1231 2748 Ι.
1246 2730 1273 2748 c.

985 2766 1046 2795 111.
1058 2763 1139 2800 Λόγοι
1155 2759 1400 2801 Συμζουλευτικοὶ,
1423 2768 1499 2797 quos
1515 2768 1532 2787 e
1548 2759 1654 2788 Gram-

942 2807 1062 2837 maticis
1079 2806 1170 2836 MSS.
1196 2804 1299 2833 laudat
1325 2801 1526 2832 Ruhnkenius
1542 2801 1563 2829 l.
1580 2811 1607 2830 c.
1621 2811 1653 2840 p.

942 2852 994 2879 521.

984 2892 1039 2921 IV.
1062 2889 1130 2930 Πςός
1155 2889 1219 2921 τοὺς
1244 2885 1375 2928 ἐταίςους.
1421 2884 1600 2914 Plutarchus
1621 2884 1651 2913 in

940 2933 1140 2963 Themistocle
1163 2942 1191 2969 p.
1215 2932 1292 2961 128.
1314 2940 1341 2959 o.
1360 2926 1419 2968 περὶ
1435 2926 1462 2957 δὲ
1479 2929 1533 2956 τῶν
1549 2925 1651 2964 λειψά-

939 2988 986 3006 νων
1009 2974 1068 3006 οὔτ’
1094 2973 1225 3014 Ἀνδοκίδῃ
1251 2970 1400 3013 προσέχειν
1423 2970 1508 3009 ἄξιον,
1524 2969 1566 3008 τῷ
1579 2969 1652 3007 mgb:
