1816 3272
638 211 1035 265 ANDOCIDEAE.

155 324 328 368 παρέστηκε.
351 326 403 361 87,
428 335 499 366 pen.
530 323 740 356 ἀλλάττεσθαι
765 324 823 354 δου-

154 369 230 400 λείαν
244 369 308 400 ἀντὶ
322 370 420 410 ἀρχῆς.
445 370 498 403 89,
513 371 544 400 3.

113 411 250 442 etv-neom
264 412 312 442 καὶ
329 411 454 442 ἱκετεύω.
475 413 530 448 73,
547 411 603 442 ult.

113 453 296 496 ἀντίγραφον]
328 455 514 494 exemplum,
544 451 705 494 Abschrg’ft,
739 453 824 492 Copie

161 497 195 538 [α
206 499 376 537 manscript,
391 498 490 538 copy}
513 499 566 533 36,
584 499 633 528 13.
659 498 712 532 38,
729 498 759 527 4.

113 540 249 574 ἀντίδικος
260 543 449 571 καταστῆναι.
474 541 505 576 5,
523 542 553 570 9.

115 583 314 624 ἀντιχοξηγεῖν.
337 585 412 620 133,
429 586 480 614 14.

116 626 305 666 ἀντιχορηγός.
328 629 402 661 121,
418 630 519 664 antep.

115 668 311 708 ἀντωνεῖσθαι]
328 673 433 698 contra
446 667 544 698 liceri.
569 669 621 704 66,
638 673 740 707 antep-

115 711 186 752 ἀνω]
200 714 278 742 κατὰ
288 713 351 746 τοὺς
364 711 418 741 ἄνω
430 710 652 752 γεγραμμένους.
665 711 695 740 in
709 720 826 741 summo

160 754 277 793 pariete
292 760 367 784 stoae
383 755 520 784 Poeeiles
538 755 639 784 dictae.
662 758 714 789 41,
730 756 762 784 7.

117 796 208 838 ἄξιος]
226 796 329 839 bqf‘ugt
348 797 534 837 [competent‚
550 798 700 838 entitled}
713 798 765 836 jus
782 797 827 827 rei

161 841 297 879 agendae,
321 841 480 877 habendae,
501 840 665 870 honorisve
689 841 826 880 gerendi,

160 883 327 913 exercendi
352 885 478 914 habens.
501 881 587 923 ὦνπες
611 883 735 923 ἐμαυτὸν
754 883 829 922 ἄξιον

161 925 273 967 νομίζω.
290 937 416 966 quarum
431 937 532 957 rerum
549 928 600 965 jus
616 927 689 956 mihi
706 937 828 967 compe-

162 974 227 999 tere
247 975 380 1000 autumo.
403 971 456 1006 65,
481 973 511 1001 2.
533 970 561 1000 οὔ
583 972 636 1010 γᾶς
658 969 761 1008 φθόνου
777 982 828 1010 μοι

162 1014 278 1052 μᾶλλον
289 1012 303 1044 ἢ
313 1012 404 1042 οἴκτου
415 1013 482 1051 ἀξια
491 1015 530 1043 τὰ
540 1012 718 1051 γεγενημένα.
732 1015 784 1049 78,
798 1017 811 1043 1
822 1036 828 1043 .

161 1055 233 1094 ἄξια
258 1056 397 1094 μεγάλων
424 1056 542 1094 ἀγαθᾶν
565 1055 732 1096 ἐργάζεσθαί
755 1068 829 1086 τινα.

163 1099 302 1128 conferre
318 1100 348 1128 in
363 1099 493 1139 aliquem
510 1104 685 1129 ornamenta
700 1110 747 1135 ea,
762 1110 830 1139 quae

164 1146 217 1171 ant
231 1141 263 1171 in
278 1152 402 1172 numero
419 1152 595 1181 magnorum
614 1143 830 1172 beneficiorum

163 1184 282 1220 haberi,
305 1189 356 1214 aut
381 1186 500 1224 magnis
525 1184 659 1224 praemiis
680 1185 759 1215 relui
777 1186 830 1215 de-

165 1228 268 1258 beant.
291 1230 344 1264 81,
367 1231 418 1258 10.
441 1227 506 1268 ἕπες
529 1239 580 1267 μοι
599 1227 738 1258 πλείστου
759 1227 833 1267 ἄξιον

165 1268 283 1308 ἐγένετο.
306 1271 338 1301 id
355 1270 436 1309 quod
453 1272 492 1300 ad
514 1271 643 1300 salutem
664 1271 740 1301 mihi
760 1282 832 1310 pro-

165 1313 235 1348 fuit,
249 1313 381 1353 ideoque
397 1313 505 1343 summi
526 1323 543 1342 a
559 1324 607 1342 me
624 1314 666 1343 fit.
689 1317 742 1350 82,
760 1324 830 1353 pen.

167 1359 280 1386 πολλῶν
294 1355 373 1396 αὔτᾷἷ
391 1357 571 1396 κλαυμάτων
587 1355 655 1395 ἀξια
675 1356 832 1397 εἴργατται.

166 1399 301 1429 facinora
327 1401 394 1439 ejus
419 1405 489 1429 sunt
512 1400 727 1436 lamentabilia,
747 1400 779 1429 h.
805 1410 833 1429 e.

165 1441 318 1481 imprimis
343 1442 445 1481 digna,
462 1453 529 1482 quae
549 1442 692 1481 lacrymis
713 1447 743 1472 et
759 1452 833 1482 que-

167 1485 266 1515 stibus
283 1485 389 1515 effusis
404 1495 603 1525 prosequare.
629 1487 703 1520 132,
717 1487 768 1516 15.

125 1527 232 1569 ἀξιοῦν]
247 1527 318 1567 ἀξιῶ
339 1529 395 1563 τὰς
409 1530 465 1557 τῶν
487 1527 563 1568 ἐμᾶν
580 1527 711 1568 προγόνων
731 1529 835 1568 ἀςετάς

168 1569 233 1610 ἐμοὶ
247 1570 384 1610 σωτηρίαν
395 1569 534 1608 γενέσθαι.
558 1573 612 1608 71,
628 1574 658 1602 8.

125 1612 337 1654 ἀπαγγέλλειν]
373 1612 557 1652 ἀπαγγεῖλαί
587 1624 621 1644 τε
657 1612 837 1655 πςοσέταξαν

170 1658 238 1697 ἡμῖν
250 1658 388 1698 παρεῖναι.
402 1657 593 1697 imperabant
607 1658 758 1697 Prytanes
770 1658 837 1697 regi

171 1710 336 1736 sacrorum,
357 1704 391 1730 ut
415 1711 470 1730 suo
496 1701 698 1742 (Prytannm)
716 1701 837 1731 nomine

169 1743 260 1774 nobis
273 1743 417 1774 indicet-it
432 1743 501 1785 (vel
519 1743 684 1784 ediceret),
700 1748 733 1773 ut
747 1744 837 1774 ades-

171 1797 273 1817 semus
284 1804 326 1810 -—
339 1787 370 1816 h.
387 1797 414 1816 e.
430 1791 475 1823 ut,
491 1791 632 1826 tanquam
643 1787 792 1826 interpres
806 1791 839 1816 et

169 1829 380 1860 internuncius
394 1830 562 1870 Prytannm
575 1830 664 1860 nobis
677 1829 766 1871 (mihi
781 1841 839 1869 pu-

169 1877 214 1909 ta,
234 1873 460 1913 Cephisioqne)
472 1873 631 1909 indicaret,
646 1873 743 1912 ipsos,
760 1874 839 1912 Pry-

171 1915 370 1952 tanns,velle‚
382 1921 416 1946 ut
427 1926 483 1946 nos
494 1916 672 1946 adessemus
684 1916 734 1946 die
746 1916 839 1946 dicta.

172 1958 226 1995 55,
240 1960 272 1988 7.

128 2001 251 2039 ἀπάγειν
271 2001 337 2035 ’τοὺς
354 2000 518 2042 κακούργους
538 2001 575 2036 εἷς
596 2001 629 2031 τό
653 2001 840 2040 δεσμωτῆξιον

171 2043 220 2073 οὒκ
228 2043 362 2084 ἀσφαλὲς
376 2045 444 2083 ὑμῖν
457 2045 503 2074 διὰ
514 2047 568 2078 τὰς
581 2043 682 2086 χιλίας
693 2044 840 2085 δραχμάς.

176 2089 251 2124 120,
265 2097 336 2126 pen.

131 2130 324 2171 ἀπαγορεύειν]
339 2129 562 2169 ἀπαγορευόντων
575 2130 629 2159 τῶν
643 2128 733 2168 νόμων
746 2129 788 2168 μὴ
801 2128 841 2163 δὶς

175 2171 350 2212 δικάζεσθαι.
373 2174 448 2206 115,
466 2175 517 2203 12.

132 2215 351 2256 ἀπάγχεσθαι.
374 2216 427 2251 62,
443 2217 474 2245 7.

132 2258 292 2299 ἀπαγωγῆ]
317 2267 414 2296 genus
431 2257 561 2288 actionis
583 2256 714 2286 forensis
736 2261 842 2286 contra

173 2302 269 2337 fures,
286 2302 431 2335 latrones,
447 2300 588 2335 sicarios,
610 2300 778 2336 veneficos,
797 2300 842 2329 in-

176 2343 357 2374 cendiarios.
380 2345 434 2379 43,
450 2347 480 2373 1.

133 2387 223 2421 ἄπαις
233 2385 342 2427 ἀρ’ῥένων
357 2385 470 2417 παίδων.
492 2388 546 2422 58,
563 2389 665 2424 antep.

132 2430 279 2471 ἀπαιτεῖν]
301 2428 453 2470 ἀπῄτησεν
468 2430 545 2469 ὑμᾶς
565 2428 670 2458 τούτων
685 2429 739 2457 τῶν
759 2427 843 2467 ἔξγων

174 2473 267 2515 χάριν.
286 2472 451 2513 postulavit
475 2482 492 2502 a
513 2472 601 2502 vobis
622 2471 843 2501 remuneratio-

176 2527 245 2546 nem
262 2516 369 2546 bornm
383 2515 572 2550 meritorum,
586 2520 619 2544 nt
634 2524 697 2544 rem
714 2514 773 2543 sibi
790 2514 843 2543 de-

178 2559 284 2588 bitam.
313 2561 368 2595 73,
397 2560 448 2589 13.
481 2558 564 2593 αἰτῶ,
595 2558 618 2587 εἶ
649 2556 678 2586 δὲ
712 2554 844 2587 ςούλεσθε

177 2602 305 2631 ἀπαιτῶ.
336 2603 390 2643 86,
417 2605 518 2641 antep.
551 2601 598 2643 (v.
629 2610 721 2640 supra
749 2600 782 2629 in
813 2611 844 2630 V.

178 2643 295 2683 αἰτεῖν.)

136 2687 340 2718 ἀπαλλάττειν
359 2684 392 2716 ἒκ
414 2684 510 2726 φόἔου.
530 2685 698 2716 liberabam
721 2684 845 2715 terrori-

180 2730 248 2760 bus.
271 2731 324 2765 29,
339 2731 371 2759 5.
391 2730 594 2760 ἀπαλλάττειν
615 2728 689 2759 τινά.
711 2727 844 2768 aliquem

178 2773 315 2812 placare,
329 2771 442 2810 sopire,
458 2782 476 2802 a
491 2771 704 2812 persequenda
719 2781 845 2800 accusa-

180 2816 262 2845 tione
281 2819 430 2845 avertere.
453 2817 506 2851 61,
521 2818 552 2846 3.
572 2813 780 2855 ἀωηλλᾶχδαι
796 2814 846 2843 τοῦ

179 2855 249 2888 ῥίου.
259 2856 351 2893 mori,
363 2856 429 2888 sive
445 2858 588 2893 fataliter,
605 2858 672 2888 sive
688 2867 742 2888 sua
757 2866 848 2886 manu

181 2903 236 2937 80,
253 2903 305 2931 10.

137 2941 364 2983 ἐπαναγκάζειν.
387 2944 460 2978 119,
473 2942 531 2972 nlt.
551 2943 606 2972 sed
623 2952 660 2972 ea
673 2946 721 2973 est
737 2941 849 2972 vitiosa

181 2986 284 3016 lectio.
299 2985 408 3015 melior
424 2984 641 3024 ἐπαναγκάζειν.

139 3028 332 3070 Ἀπατούςια]
365 3028 435 3059 sesti
469 3028 536 3059 dies
566 3026 707 3065 Athenis,
738 3027 848 3067 quibus

1487 215 1572 257 365

899 321 989 362 pueri
1005 321 1140 351 solebant
1158 319 1317 359 phratriis,
1334 328 1389 350 seu
1409 318 1504 349 curiis
1524 320 1571 350 in-

900 365 1004 399 scribi,
1023 375 1077 394 seu
1093 363 1330 393 immatriculari.
1354 362 1441 403 ἱερεῖον
1458 361 1572 403 ἔχοντες

899 406 962 445 ’ἦγον
977 406 1008 436 τὸ
1023 405 1130 437 παιδίον
1141 405 1188 437 ἐπὶ
1198 405 1244 436 τὸν
1258 405 1355 445 Βωμόν
1366 404 1571 445 Ἀπατουςίοις.

901 453 954 486 62,
971 453 1024 481 14.

857 493 969 533 ἀπειρίᾳ
989 493 1039 523 τοῦ
1055 491 1140 533 ἔργον.
1162 493 1243 532 quod
1263 503 1319 522 usu
1341 491 1386 522 rei
1401 501 1569 522 careamus.

904 539 958 572 90,
974 547 1044 576 pen.

858 578 985 610 ἀπιστία
1003 576 1112 608 ἐκείνων.
1135 579 1264 618 perfidia
1285 589 1402 614 eornm,
1418 578 1458 608 ob
1481 589 1570 618 quam

902 623 965 652 illis
977 623 1029 652 fidi
1041 624 1155 660 nequit.
1181 624 1232 658 90,
1250 622 1304 651 ult.

859 664 1008 706 ἄπιστος]
1033 662 1131 696 πίστιν
1153 664 1328 702 εἰσηγεῖσθαι
1353 667 1407 695 τῶν
1427 663 1453 695 ἐν
1472 662 1571 705 ἀνθςῶ-

903 720 966 742 ποις
981 709 1193 738 ἀπιστοτάτην.
1218 711 1271 744 3⁶2,
1287 709 1342 738 ult.

860 751 1020 792 ἄπλους-(ὼ
1036 750 1115 790 plur.
1125 750 1228 791 ἄπλοι)
1242 751 1359 791 τξιῆξης.
1374 749 1506 781 triremis
1519 760 1571 780 na·

904 795 1054 834 vigationi
1075 794 1218 826 inhabilis
1239 796 1277 823 ob
1299 799 1495 824 vetustatem.
1520 795 1574 829 91,

905 844 1008 878 antep.

861 880 933 922 ἀπὸ]
948 883 1059 922 σημεῖα
1075 881 1133 911 ἀπὸ
1147 883 1203 911 τῶν
1216 879 1310 921 ἔργων.
1323 884 1509 919 argumenta,
1526 878 1573 908 in-

905 925 987 954 dicia
1003 936 1019 954 e
1034 925 1126 955 factis
1142 926 1246 955 ducta.
1270 925 1324 958 88,
1340 926 1369 954 5.
1385 922 1431 952 τὸν
1445 922 1501 951 ἀπὸ
1518 924 1574 951 τῶν

905 967 1044 1007 ὑμετέρων
1055 968 1216 1009 χξημάτων
1233 968 1331 996 ταῦτα
1351 966 1575 1005 κατεξγασάμε-

905 1021 951 1040 νιν.
972 1013 1044 1046 129,
1057 1014 1087 1042 6.
1103 1010 1267 1050 aequivalet
1277 1013 1379 1039 nostro
1390 1011 1442 1038 mit
1457 1007 1574 1048 [with]

907 1053 998 1093 τιμξίν
1023 1056 1073 1085 την
1097 1053 1177 1083 πόλιν
1197 1052 1254 1083 ἀπὸ
1276 1055 1330 1081 τῶν
1354 1052 1454 1082 ἑαυτοῦ
1479 1051 1576 1081 πόνων.

907 1099 982 1133 129,
1000 1099 1050 1127 10.

865 1138 1005 1170 ἀποζαίνει
1021 1142 1035 1171 ἡ
1055 1139 1146 1179 φήμη.
1170 1149 1258 1169 omen
1279 1139 1367 1167 famae
1385 1137 1575 1177 pervulgatae

908 1184 972 1213 abit
995 1183 1026 1213 in
1052 1184 1178 1218 exitum,
1203 1186 1345 1212 eventum
1362 1180 1498 1210 sortitur.
1524 1182 1577 1215 64,

909 1228 961 1256 13.

865 1268 1043 1301 ἀποβάλλειν
1066 1267 1188 1298 ἀσπίδα.
1212 1267 1292 1307 quod
1317 1267 1432 1296 factum
1456 1265 1579 1296 infamia

908 1313 1078 1342 notabatur.
1107 1313 1160 1346 35,
1189 1322 1260 1350 pen.
1288 1308 1505 1349 ἀπεβαλόμεθα
1531 1310 1581 1339 τῆν

909 1353 1052 1388 Βασιλέως
1067 1354 1189 1393 δύναμιν.
1214 1355 1288 1388 103,
1304 1356 1356 1382 14.

866 1396 1057 1438 ἀποβλέπειν]
1086 1401 1262 1436 respectum
1283 1396 1405 1431 habere,
1427 1394 1456 1425 h.
1478 1405 1506 1423 e.
1529 1404 1578 1424 ra-

911 1440 1024 1470 tionem
1046 1440 1084 1474 εἴς
1102 1451 1144 1470 τι.
1171 1442 1202 1476 2,
1219 1440 1275 1469 ult.
1297 1438 1363 1478 πςές
1386 1448 1426 1468 τι.
1449 1440 1523 1474 129,
1546 1440 1577 1468 9.

912 1485 985 1518 130,
1002 1485 1053 1514 13.

869 1525 1074 1567 &mystea-5121]
1095 1525 1142 1555 οὐκ
1159 1525 1220 1555 οῖδα
1244 1524 1270 1554 εἴ
1286 1536 1316 1554 τι
1339 1522 1403 1562 ἐμοὶ
1425 1521 1580 1561 ἀπεγένετο

911 1572 966 1598 τῶν
975 1572 1067 1599 κακῶν
1081 1569 1128 1598 καὶ
1141 1569 1277 1609 αἰσχρῶν.
1287 1577 1356 1597 num
1369 1567 1449 1605 quod
1465 1567 1579 1596 malum

912 1613 1088 1642 dedecusve
1102 1612 1176 1642 mihi
1192 1611 1332 1641 defuerit.
1358 1612 1410 1645 80,
1425 1612 1456 1639 2.

869 1655 1044 1695 ἀπογράφειν
1053 1657 1115 1685 τινα
1130 1654 1243 1684 dicitnr
1257 1654 1364 1688 index,
1381 1652 1433 1691 qui
1447 1662 1500 1681 sen
1511 1662 1582 1681 ver-

914 1698 974 1734 bis,
991 1709 1046 1728 seu
1059 1698 1190 1737 scripto,
1205 1707 1312 1726 nomen
1330 1696 1471 1733 alicujus,
1486 1699 1520 1723 ut
1533 1694 1581 1725 rei

914 1741 1060 1778 criminis,
1068 1741 1148 1780 apud
1157 1740 1366 1779 magistratum
1378 1738 1486 1768 defert.
1502 1739 1535 1774 ¹7,
1549 1739 1583 1768 7.

916 1787 948 1820 8,
965 1787 996 1814 7.
1023 1786 1054 1820 9,
1071 1788 1101 1814 1.

872 1828 1052 1857 ἀποδεικνύειν
1076 1827 1180 1866 σαφεῖς
1201 1823 1248 1854 καὶ
1265 1821 1392 1858 ξεβαίους
1417 1822 1581 1862 ἀποδείξεις.

913 1873 969 1908 ¹76,
987 1872 1016 1901 9.

872 1911 1068 1954 ἀποδέχεσθαι
1081 1909 1256 1951 κατηγοξίαν.
1272 1911 1326 1946 52,
1343 1911 1374 1939 6.
1397 1907 1584 1950 ἀποδέχεσθε

915 1968 973 1995 μου
987 1959 1028 1986 τὰ
1042 1955 1239 1996 πραττόμενα.
1262 1955 1314 1989 88,
1330 1963 1402 1992 pen.

872 1999 1035 2039 ἀποδημία]
1058 1998 1193 2028 absentia
1211 1997 1313 2031 domo,
1334 1995 1530 2025 commoratio
1551 1994 1583 2024 in

916 2043 983 2072 solo
1004 2042 1179 2081 peregrino.
1201 2042 1261 2072 πῶς
1281 2037 1385 2068 διέθετο
1407 2039 1455 2068 τὴν
1478 2038 1582 2068 ἀποδη-

915 2084 986 2125 μίαν
1002 2086 1040 2119 εἶς
1054 2086 1102 2115 τὴν
1114 2081 1291 2121 Ὀλυμπίαν.
1307 2082 1458 2120 quomodo
1473 2091 1504 2110 se
1518 2086 1584 2110 toto

916 2129 969 2157 ino
986 2132 1123 2167 tempore
1145 2125 1287 2164 gesserit,
1305 2134 1364 2162 quo
1382 2134 1439 2162 per
1460 2133 1583 2153 causam

916 2171 1058 2200 ludorum
1080 2167 1315 2208 Olympicornm
1331 2166 1458 2196 Athenis
1475 2166 1583 2196 abfuit.

917 2216 992 2248 127,
1008 2216 1060 2243 11.

874 2255 1044 2296 ἀποδιδόναι]
1070 2253 1243 2284 differentia
1259 2252 1501 2293 significationis,
1516 2262 1584 2291 quae

918 2300 976 2328 hoc
993 2300 1023 2328 in
1040 2299 1134 2328 verbo
1157 2302 1203 2327 est
1221 2297 1300 2326 inter
1320 2296 1454 2326 activum
1471 2300 1502 2325 et
1521 2305 1585 2324 me·

918 2342 1014 2376 dium,
1040 2346 1168 2380 apparet
1194 2350 1233 2369 ex
1253 2339 1306 2369 illa
1331 2338 1465 2368 dictione
1488 2338 1585 2368 πάντα

918 2384 1098 2424 ἀποδόμενος,
1114 2384 1166 2413 ubi
1190 2382 1290 2412 omnia
1312 2381 1433 2420 tyranni
1455 2380 1587 2420 peremti

918 2428 997 2457 bona
1013 2428 1108 2457 hastae
1125 2427 1262 2464 subjecta
1273 2424 1450 2454 vendidero.
1465 2425 1506 2454 τά
1520 2422 1588 2462 ἦμί-

918 2481 972 2500 σεα
988 2470 1126 2500 ἀποδώσω
1135 2469 1177 2508 τῷ
1189 2465 1397 2498 ἀποκτείναντι.
1415 2472 1528 2506 partem
1540 2466 1587 2496 di-

919 2514 1043 2543 midiam
1059 2512 1196 2551 pecuniae
1216 2511 1287 2541 inde
1303 2511 1433 2541 redactae
1448 2510 1538 2543 dab0‚
1552 2513 1587 2538 ut

919 2567 984 2586 rem
1012 2556 1159 2590 debitam,
1186 2554 1228 2590 ei,
1257 2553 1309 2592 qui
1334 2563 1401 2583 eum
1425 2551 1584 2581 occiderit.

921 2601 974 2634 49,
990 2602 1020 2629 2.
1045 2599 1080 2633 ὡς
1099 2600 1141 2638 μὴ
1162 2595 1362 2635 ἀναγκασθείης
1382 2596 1421 2624 τά
1443 2594 1588 2635 χρήματα

922 2642 1078 2672 ἀποδοῦναι.
1105 2641 1225 2670 tradere
1255 2638 1465 2676 exigentibus,
1493 2637 1589 2676 depo·

923 2684 1091 2715 scentibus.
1118 2685 1171 2719 49,
1200 2685 1251 2712 20.
1278 2680 1398 2711 ἀπέδοτε
1425 2681 1474 2710 τὴν
1498 2679 1588 2719 ὑπάξ-

922 2738 1032 2768 χουσαν
1058 2726 1164 2766 ἀρετήν.
1194 2725 1340 2755 virtutem
1368 2721 1492 2757 avitam,
1520 2733 1589 2761 quae

923 2771 1012 2800 vobis
1029 2780 1047 2799 a
1062 2767 1240 2807 majoribus,
1259 2767 1342 2796 velut
1363 2775 1429 2795 sors
1450 2765 1590 2804 quaedam

924 2813 1031 2844 relicta
1049 2812 1156 2846 fuerat,
1176 2808 1369 2843 reddidistis,
1388 2812 1590 2845 repraesenta-

925 2856 992 2892 stis,
1008 2856 1067 2884 hoo
1087 2853 1174 2893 quasi
1189 2863 1231 2882 aes
1245 2851 1383 2881 debitum
1406 2849 1538 2879 diluistis
1553 2861 1590 2880 ea

924 2897 1112 2938 praestando‚
1129 2905 1195 2935 qnae
1219 2905 1236 2924 a
1258 2893 1344 2924 vobis
1369 2893 1592 2931 exspectaban-

926 2946 985 2971 tur.
1007 2941 1061 2974 54,
1079 2941 1130 2969 17.
1152 2936 1272 2967 ἀπόδοτε
1286 2936 1374 2966 πάλιν
1385 2933 1419 2965 τὸ
1435 2933 1593 2975 ψήφισμα.

925 2982 1080 3013 restituite
1107 2982 1278 3016 decretum,
1302 2980 1333 3008 b.
1362 2988 1389 3008 e.
1414 2977 1535 3007 reddite
1561 2978 1591 3007 ei

927 3026 1084 3066 pristinam
1111 3024 1174 3055 vim
1203 3023 1262 3053 alio
1286 3022 1414 3052 decreto
1438 3020 1593 3051 contrarie
