1818 3189
217 173 287 215 xvi
590 174 937 217 RUHNKENII
973 176 1123 217 HIST.
1157 175 1310 217 CRIT.

217 289 313 327 stola
328 289 575 340 intelligenda
589 291 653 336 sit,
671 291 815 341 scripta
835 291 883 330 ad
900 292 1078 330 Pisandri
1095 293 1131 330 in
1149 298 1251 331 statu
1269 291 1445 343 populari
1463 292 1672 330 evertendo

216 349 357 396 socios,
385 350 451 399 qui
479 351 634 400 proprie
661 350 797 402 ἑταῖροι
826 353 1082 403 appellantur.
1114 353 1204 391 Vid.
1227 353 1449 404 Thucydid.
1471 353 1583 390 VIII.
1604 357 1670 390 48.

216 415 281 448 65.
302 421 340 449 et
360 412 513 462 Taylor.
537 411 573 449 in
598 413 683 462 Lys.
706 413 786 452 Vit.
807 427 846 464 p.
866 420 930 452 39.
962 415 1019 452 Ex
1040 415 1245 465 deperdita
1266 415 1441 452 oratioue
1463 413 1577 451 etiam
1600 413 1672 450 du-

216 479 320 510 ctum
343 480 412 519 est,
428 472 533 522 quod
555 473 699 512 habent
719 475 1139 526 Sclioliast.Aristoph.
1162 476 1208 513 ad
1224 476 1474 526 Vesp.100l.
1496 480 1534 511 et
1553 474 1674 511 Scho-

215 533 312 570 liast.
337 535 500 571 Lucian.
522 534 570 572 ad
592 528 746 574 Timon.
766 550 803 586 p.
821 541 913 575 142.
956 537 1047 586 Περὶ
1076 535 1316 588 “Υπερβόλου
1340 539 1468 584 λέγειν
1492 538 1674 586 αἰσχύνο-

215 607 295 645 μαι·
325 594 366 632 οὗ
385 597 403 632 ὃ
423 595 492 646 μὲν
513 599 634 645 πατὴρ
656 597 876 648 ἐστιγμένος
900 597 950 635 ’ἑτι
982 600 1041 636 καὶ
1064 603 1130 636 νῦν
1157 598 1196 635 ἐν
1222 601 1269 649 τῷ
1293 599 1564 649 ἀργυροκοπείῳ
1593 595 1674 632 δου-

215 660 313 694 λεύει
333 661 380 709 τῷ
402 657 575 709 δημοσίῳ·
599 662 647 701 ὡς
669 659 705 696 δὲ
725 661 823 705 ξένος
840 662 890 698 ὢν
911 662 969 697 καὶ
984 658 1182 711 βάρβαρος
1202 662 1430 711 λυχνοποιεῖ.
1462 657 1535 695 Sed
1554 656 1674 694 multo

215 718 341 766 major
370 722 569 757 contentio
598 721 767 758 exoritur
788 722 836 759 de
859 722 1044 759 Oratione
1066 721 1250 758 adversus
1278 719 1536 763 Alcibiadem,
1559 730 1676 767 quam

215 780 420 830 Taylorus,
437 782 617 819 omnibus
637 782 778 832 ingenii
796 789 835 820 et
852 782 1041 820 doctrinae
1059 782 1249 833 praesidiis
1265 781 1464 827 adhibitis,
1481 780 1530 817 ab
1546 779 1678 816 Ando-

215 840 303 878 cide
331 842 379 878 ad
410 843 611 880 Phaeacem
646 843 851 882 traducere
882 851 1057 881 conatur.
1115 843 1365 881 Excutiamus
1396 841 1564 891 singulas
1591 839 1677 888 ejus

217 903 400 953 rationes,
422 909 553 951 quasff‘
570 905 723 942 minime
749 905 1064 943 contemnendas’
1085 910 1196 942 vocat
1216 904 1421 941 Piersonus
1443 902 1491 939 ad
1516 901 1675 939 Moerid.

216 964 391 1003 Atticist.
415 978 451 1015 p.
473 969 563 1003 332.
593 966 709 1003 immo
737 966 895 1015 quibus,
926 966 1032 1016 quod
1063 966 1234 1009 volebat,
1261 964 1496 1014 persuasisse
1523 964 1677 1000 videtur

216 1037 365 1062 summo
380 1025 672 1064 Hemsterhusio
686 1027 734 1064 ad
748 1027 887 1064 Thom.
911 1028 1018 1077 Mag.
1033 1041 1071 1077 p.
1089 1031 1181 1064 810.
1209 1033 1247 1064 1.
1283 1026 1537 1076 Disceptatur
1552 1024 1588 1061 in
1604 1025 1676 1061 hac

216 1086 434 1125 Andocidis
454 1088 645 1133 oratione,
669 1089 756 1138 quis
778 1102 824 1126 ex
844 1089 982 1134 tribus,
1005 1089 1131 1133 Nicia,
1154 1088 1374 1133 Alcibiade,
1394 1094 1432 1125 et
1449 1087 1674 1132 Andocide,

215 1148 446 1186 ostracismo
476 1150 512 1186 in
534 1149 711 1187 exsilium
734 1150 782 1187 sit
800 1149 1029 1199 ejiciendus.
1086 1150 1162 1187 Hic
1182 1150 1310 1187 statim
1332 1148 1527 1186 Andocidi
1549 1149 1676 1185 minus

215 1209 398 1247 convenit
416 1223 504 1247 cum
520 1210 743 1256 Plutarcho,
764 1211 830 1262 qui
851 1212 888 1248 in
908 1211 1100 1248 Alcibiad.
1122 1224 1160 1260 p.
1178 1215 1268 1249 196.
1290 1211 1336 1248 E.
1359 1223 1438 1248 rem
1458 1209 1508 1247 ita
1527 1216 1674 1248 narrat:

215 1269 458 1308 Alcibiadem
474 1271 673 1320 juvenem,
690 1285 776 1309 cum
798 1272 848 1310 ad
875 1272 1153 1323 rempublicam
1175 1272 1414 1317 accessisset,
1435 1270 1677 1308 adversarios

215 1331 394 1369 habuisse
414 1332 567 1370 Niciam
589 1339 628 1371 et
644 1333 863 1381 Pliaeacem,
884 1334 1047 1371 alterum
1069 1347 1198 1371 senem
1220 1339 1260 1371 et
1280 1332 1383 1371 bello
1404 1333 1564 1377 clarum,
1586 1332 1679 1370 alte-

118 1398 196 1433 136
215 1406 296 1431 rum
313 1392 516 1442 juvenem,
538 1394 722 1441 nobilem,
744 1402 782 1433 et
804 1395 896 1433 satis
916 1395 1140 1442 facundum,
1161 1395 1273 1445 cujus
1293 1395 1408 1433 etiam
1427 1394 1675 1433 exstetOra-

216 1454 269 1491 tio
285 1455 471 1493 adversus
487 1456 747 1494 Alcibiadem.
805 1458 953 1495 Horum
970 1459 1155 1507 potentiae
1173 1471 1259 1496 cum
1276 1457 1446 1508 populus
1461 1457 1675 1504 invidisset,

213 1517 400 1555 excitasse
417 1518 707 1569 Hyperbolum,
734 1526 775 1557 ut
791 1520 854 1557 uni
874 1533 920 1558 ex
937 1520 1063 1558 tribus
1083 1520 1259 1557 exsilium
1280 1520 1479 1569 irrogaret.
1519 1519 1594 1557 Sed
1613 1519 1677 1556 Al-

212 1578 417 1624 cibiadem,
442 1593 481 1616 re
515 1580 800 1618 communicata
828 1594 917 1618 cum
953 1581 1080 1626 Nicia,
1120 1581 1193 1627 vel,
1224 1588 1266 1619 ut
1297 1582 1361 1618 alii
1392 1581 1558 1626 tradant,
1586 1594 1675 1619 cum

213 1639 391 1684 Phaeace,
415 1639 586 1677 exsilium
622 1642 660 1678 in
686 1641 973 1692 Hyperbolum,
1002 1642 1095 1679 nihil
1124 1643 1198 1680 tale
1224 1642 1475 1692 cogitantem,
1501 1642 1675 1681 vertisse.

213 1699 279 1737 Sic
302 1701 532 1739 Plutarchus
563 1702 601 1739 in
631 1702 855 1740 Alcibiade:
888 1703 954 1740 sed
977 1703 1014 1739 in
1037 1703 1151 1740 Nicia
1172 1716 1210 1752 p.
1233 1708 1322 1741 530.
1341 1703 1391 1740 D.
1410 1703 1573 1741 eandem
1596 1716 1674 1741 rem

212 1762 327 1811 paulo
348 1763 458 1799 aliter
473 1762 610 1801 refert:
633 1763 818 1801 Exsilium
839 1764 991 1801 duobus
1010 1771 1172 1810 tantum,
1190 1765 1313 1801 Niciae
1331 1771 1369 1802 et
1383 1763 1591 1810 Alcibiadi,
1607 1764 1675 1801 de-

212 1823 394 1861 stinatum
412 1823 543 1870 fuisse,
560 1824 626 1862 sed
641 1839 722 1870 eos,
740 1826 899 1863 sociatis
914 1825 1164 1870 factionibus,
1181 1825 1449 1876 Hyperbolum
1467 1825 1674 1876 expulisse.

214 1883 520 1934 Theophrastum
545 1886 716 1934 quidem,
738 1899 853 1935 quem
877 1886 924 1922 de
947 1886 1021 1923 hoc
1042 1888 1254 1924 certamine
1275 1886 1439 1924 inlibris
1455 1888 1536 1936 περὶ
1553 1887 1676 1937 νόμων

214 1945 425 1995 scripsisse,
453 1959 499 1983 ex
527 1947 659 1984 Schol.
684 1947 839 1984 Luciani
871 1947 919 1984 ad
943 1946 1095 1984 Timon.
1125 1960 1162 1997 p.
1192 1952 1285 1985 142.
1309 1947 1575 1997 intelligimus,
1604 1960 1675 1997 pro

215 2005 328 2063 Nicia
346 2006 540 2044 nominare
562 2008 788 2056 Pliaeacem3
820 2007 884 2045 sed
911 2014 1037 2045 tamen
1057 2008 1170 2046 malle
1191 2009 1300 2059 sequi
1324 2009 1468 2059 plures,
1493 2010 1559 2059 qui
1578 2009 1676 2046 duos

216 2068 498 2115 tantummodo,
527 2070 681 2107 Niciam
709 2077 748 2107 et
778 2069 1037 2115 Alcibiadem,
1068 2071 1116 2108 de
1146 2071 1372 2108 ostracismo
1405 2079 1573 2108 certasse
1601 2078 1677 2108 tra-

214 2129 321 2167 dant.
377 2131 460 2168 Jam
491 2144 575 2168 cum
608 2131 644 2168 in
675 2132 746 2169 hac
773 2131 1036 2169 controversia
1066 2132 1169 2170 nulla
1190 2133 1410 2170 Andocidis
1429 2133 1574 2171 mentio
1595 2132 1676 2180 fiat,

215 2198 349 2229 contra
371 2193 516 2230 Phaeax
538 2206 613 2230 non
635 2193 757 2230 solum
779 2194 912 2231 tertius
931 2195 967 2232 in
985 2195 1059 2232 hoc
1077 2194 1300 2241 certamine,
1322 2194 1390 2232 sed
1411 2195 1524 2233 etiam
1542 2201 1678 2234 auctor

216 2252 413 2290 Orationis
447 2254 483 2291 in
519 2254 758 2292 Alcibiadem
789 2262 1125 2301 commemoretur,
1158 2256 1352 2307 Taylorus
1385 2256 1475 2294 inde
1501 2256 1675 2303 conficit,

215 2314 440 2360 orationem,
463 2328 548 2365 quoe
570 2328 671 2352 nunc
692 2316 763 2353 sub
784 2317 1000 2355 Andocidis
1026 2317 1179 2355 nomine
1204 2318 1354 2367 legitur,
1380 2317 1538 2356 Phaeaci
1557 2319 1676 2356 tribu-

216 2374 353 2413 endam
375 2389 472 2414 esse.
531 2377 638 2421 llaec,
660 2376 796 2424 fateor,
818 2378 986 2428 aliquam
1010 2379 1082 2416 vim
1106 2378 1284 2416 habitura
1299 2385 1442 2424 essent,
1462 2379 1490 2416 si
1512 2380 1677 2430 scripto-

216 2450 288 2482 res,
307 2451 404 2488 quos
435 2439 663 2477 Plutarchus
691 2447 847 2478 secutus
877 2448 949 2487 est,
979 2442 1078 2479 inter
1103 2454 1142 2479 se
1173 2441 1433 2487 convenirent,
1457 2447 1495 2479 et
1516 2455 1575 2480 res
1597 2455 1674 2480 uno

216 2499 331 2535 modo
377 2507 607 2538 narraretur.
683 2501 800 2539 Nunc
850 2502 1025 2549 vidimus,
1065 2515 1182 2552 quam
1224 2515 1318 2552 vaga
1358 2508 1397 2539 et
1439 2503 1588 2541 incerta
1626 2503 1675 2542 sit

216 2559 399 2597 narratio,
474 2560 568 2597 Tres
600 2561 698 2598 inter
734 2575 772 2599 se
818 2562 867 2599 (le
896 2563 1125 2602 ostracismo
1159 2563 1420 2608 contendisse,
1455 2577 1502 2600 ex
1541 2564 1674 2602 Orati-

216 2634 289 2658 one
316 2621 534 2670 snperstitc,
562 2622 641 2660 slve
672 2623 902 2669 Andocidis,
927 2625 1006 2662 sive
1028 2625 1202 2662 Phaeacis
1229 2625 1292 2672 sit,
1317 2625 1582 2675 planissimum
1603 2633 1674 2664 est.

215 2681 359 2717 Tamen
381 2682 554 2731 plerique
575 2685 800 2733 scriptores,
832 2685 1042 2722 Plutarcho
1069 2692 1179 2731 teste,
1210 2686 1308 2723 duos
1332 2692 1481 2723 tantum
1506 2699 1675 2724 comme-

217 2750 378 2780 morant.
436 2745 570 2795 Itaque
594 2758 671 2793 qua
695 2746 921 2796 negligentia
939 2747 1114 2797 plerique
1131 2747 1284 2784 tertium
1302 2748 1525 2793 omiserunt,
1540 2747 1675 2786 eadem

217 2816 286 2851 pro
310 2804 509 2842 Audon-ide
532 2807 733 2843 Phaeacum
757 2815 981 2857 posuerunt.
1041 2808 1114 2845 Sed
1138 2807 1254 2858 finge,
1278 2808 1453 2846 Phaeacis
1479 2822 1563 2846 esse
1593 2822 1677 2846 ora-

219 2865 374 2902 tionem.
433 2868 552 2905 Illene
577 2868 835 2913 Alcibiadem,
859 2882 1027 2919 quocum
1049 2870 1098 2907 de
1122 2870 1354 2919 Hyperbolo
1373 2870 1567 2919 ejiciendo
1586 2883 1677 2908 con-

218 2933 400 2967 senserat.
423 2934 498 2965 tam
529 2929 693 2978 indignis
723 2930 845 2967 modis
867 2930 1107 2980 accepisset?
1144 2931 1193 2968 Et
1213 2931 1298 2980 quis
1329 2931 1537 2969 orationem
1561 2931 1677 2968 habet
