1816 3272
387 219 721 263 LECTIONES
752 218 1152 263 ANDOCIDEAE.
1416 222 1495 265 189

46 332 128 365 tum
146 338 184 377 p.
202 329 298 366 695.
331 340 353 366 e
379 326 589 367 Plutarcho
605 325 871 367 demonstrare
890 329 1040 376 nititur,
1060 328 1111 368 de
1132 327 1371 368 Ostracismo
1398 329 1498 368 inter

43 388 117 425 *hos
137 394 215 426 tres
236 388 355 427 fuisse
374 388 627 440 disputatum.
682 389 790 428 Loca
815 389 1017 429 Plutarchi
1035 396 1125 429 sunt
1157 390 1268 430 Tom.
1285 390 1319 429 I.
1339 404 1380 442 p.
1400 395 1494 430 196.

48 449 99 487 D.
121 462 161 500 p.
178 454 272 489 530.
293 449 330 488 in
351 449 427 489 fine
448 457 488 489 et
507 455 598 489 531.
656 450 779 489 Priori
799 451 886 489 loco
918 452 970 490 ait
991 452 1250 494 Plutarchus:
1282 458 1293 474 ‘
1315 452 1415 491 Cum
1430 451 1496 503 ju-

45 512 152 549 venis
180 511 401 551 Alcibiades
426 512 475 550 ad
513 512 807 563 Rempublicam
827 513 1046 560 accederet,
1076 514 1190 552 facile
1224 527 1309 553 eum
1341 514 1498 565 reliquis

45 571 286 624 Demagogis
321 573 488 624 palmam
519 572 767 625 praeripuisse
799 587 945 625 eosque
973 575 1242 626 prostravisse,
1274 576 1340 614 sed
1374 582 1499 615 certa-

48 646 134 671 men
155 634 335 673 habuisse
353 647 440 672 cum
457 634 622 673 Phaeace
643 634 867 675 Erasistrati
887 636 948 687 F„
964 642 1002 674 et
1022 649 1110 674 cum
1132 636 1247 674 Nicia
1260 637 1435 677 Nicerati
1457 640 1497 677 F.

44 694 128 739 τοὺς
147 696 218 747 μὲν
236 695 379 740 ἅλλους
398 697 502 739 cheac
521 697 741 736 ἐταπείνωσε
762 696 1024 748 δημαγωγοὺς,
1045 699 1178 747 α’γῶνα
1205 696 1233 735 δ’
1251 697 1330 752 εἶχε
1348 701 1441 750 πρός
1461 716 1499 738 τε

46 755 190 794 Φαίακα
210 757 275 797 τὸν
297 758 586 809 Ἐρασιστράτου
605 761 664 797 καὶ
680 758 819 798 Νικίαν
838 759 902 798 τὸν
920 759 1143 810 Νικηράτου,
1164 781 1216 788 -—
1235 760 1340 798 hunc
1359 762 1500 800 ducem

45 819 268 870 egregium3
298 820 421 867 illum,
442 821 524 872 qui,
540 828 583 860 ut
602 821 684 872 ipse
699 821 938 868 Alcibiades,
961 821 1138 873 potentia
1158 828 1251 860 tunc
1271 829 1310 861 et
1329 824 1501 862 auctori-

45 885 126 919 tate
146 893 321 920 crescere
351 883 561 934 inceperat,
582 889 621 921 et
640 883 744 922 haud
773 883 937 934 ignobili
968 883 1090 934 stirpe
1115 889 1199 922 erat
1218 884 1428 934 oriundus;
1447 908 1500 916 -

45 941 192 980 Φαίακα
223 943 251 981 δ’
279 945 492 995 ἀρχόμενον
521 946 660 996 (ὥσπερ
690 946 834 994 αὐτὸς),
854 944 1083 992 αὐξάνεσθαι
1102 947 1194 990 τότε,
1216 946 1276 984 καὶ
1304 950 1502 998 γνωρίμων

46 1003 139 1042 ὄντα
167 1006 350 1056 πατέρων,
368 1005 641 1059 ἐλαττούμενον
670 1006 706 1046 δὲ
737 1012 814 1050 τοῖς
841 1022 879 1045 τε
906 1007 1054 1054 ἄλλοις,
1081 1009 1141 1045 καὶ
1168 1009 1248 1059 περὶ
1279 1008 1343 1046 τὸν
1368 1011 1501 1058 λόγον.

46 1064 226 1117 Cumque
244 1067 371 1117 (addit
390 1067 662 1117 Plutarchus,)
680 1069 835 1120 populis
856 1069 1054 1107 videretur
1072 1082 1191 1108 unum
1211 1070 1259 1108 de
1280 1070 1402 1109 tribus
1422 1070 1502 1121 eje-

45 1133 182 1167 cturus
197 1130 450 1178 Ostracismo,
472 1131 713 1177 Alcibiades,
739 1131 834 1170 inita
857 1144 944 1169 cum
964 1131 1079 1170 Nicia
1097 1131 1273 1184 ἑταιρείᾳ,
1296 1132 1439 1179 effecit,
1460 1137 1503 1170 ut

47 1203 163 1241 poena
181 1192 218 1228 in
233 1197 496 1230 accusatorem
512 1193 780 1244 Hyperbolum
801 1193 1038 1231 verteretur!
1084 1193 1162 1231 Alii
1184 1199 1325 1238 tamen,
1343 1199 1502 1232 auctore

45 1251 188 1290 ibidem
210 1252 436 1302 Plutarcho,
466 1253 709 1293 affirmabant
734 1254 844 1292 istam
874 1254 1097 1293 societatem
1124 1255 1174 1293 ab
1202 1255 1407 1293 Alcibiade
1427 1255 1502 1293 ini-

47 1319 125 1353 tam
145 1328 234 1353 cum
254 1315 430 1362 Phaeace,
451 1329 529 1355 non
550 1330 640 1356 cum
661 1316 774 1355 Nicia
792 1318 847 1367 (p.
867 1320 959 1357 197.
982 1316 1043 1365 Β.)
1072 1319 1121 1360 ὡς
1141 1316 1169 1354 δ’
1187 1314 1277 1354 ἐ’νιοι
1304 1318 1434 1369 φασὶν,
1461 1319 1505 1355 οὐ

46 1377 136 1428 πρὸς
156 1376 310 1428 Νικίαν,
330 1379 435 1416 ἀλλά
453 1379 546 1430 πρὸς
565 1379 711 1418 Φαίακα
730 1377 941 1430 διαλεχθεὶς
960 1382 1023 1429 (an
1043 1378 1290 1431 διαλλαχθείς
1302 1379 1336 1426 7.)
1358 1381 1418 1417 καὶ
1436 1382 1504 1426 τὴν

45 1438 186 1477 ἐκείνου
212 1439 440 1491 προσλαβὼν
468 1442 668 1493 ἑταιρείαν,
699 1441 854 1488 ἐξήλασε
887 1440 952 1479 τὸν
982 1436 1237 1491 ’Υπὲρβολυκ
1295 1441 1375 1484 Qui
1403 1441 1505 1480 inter

42 1500 139 1539 istos
157 1502 278 1546 ἐνίους
298 1502 352 1541 sic
374 1503 547 1549 senserit,
576 1517 662 1542 cum
683 1504 847 1542 Phaeace
879 1508 1009 1555 partes
1035 1502 1214 1553 junxisse
1243 1503 1502 1551 Alcibiadem,

41 1575 122 1602 non
141 1577 230 1603 cum
250 1565 379 1611 Nicia,
400 1565 693 1616 Theophrastus
713 1566 856 1603 citatur
876 1579 897 1603 a
916 1565 1129 1603 Plutarcho
1145 1564 1199 1616 (in
1216 1565 1332 1603 Nicia
1351 1578 1391 1616 p.
1410 1570 1505 1608 531.

39 1626 117 1675 A.)
135 1626 202 1677 qui
222 1628 306 1678 ipse
327 1633 453 1665 tamen
479 1627 648 1679 plurium
669 1628 900 1666 sententiam
927 1627 1065 1665 lubens
1093 1626 1284 1677 sequitur.
1340 1628 1394 1665 At
1413 1640 1504 1665 vero

49 1687 143 1725 nihil
165 1687 397 1727 Plutarchus
418 1688 467 1727 de
494 1688 755 1739 disputatione
781 1701 896 1739 super
927 1687 1174 1726 Ostracismo
1198 1688 1298 1725 inter
1326 1688 1397 1725 hos
1425 1694 1504 1727 tres

50 1748 177 1795 Viros,
199 1750 295 1788 nihil
313 1750 362 1788 de
382 1749 533 1788 actione
549 1750 771 1801 judiciaria,
792 1764 880 1801 quae
900 1756 1026 1789 tamen
1046 1750 1222 1797 clareret,
1242 1751 1273 1788 si
1299 1750 1382 1789 haec
1403 1751 1505 1789 Ora-

51 1808 107 1847 tio
128 1817 230 1849 esset
250 1812 438 1850 Phaeacis.
494 1812 592 1850 Tum
620 1824 750 1862 porro,
773 1811 803 1850 si
823 1811 889 1850 illa
910 1812 1042 1850 habita
1072 1818 1174 1849 esset
1193 1824 1214 1849 a
1236 1811 1413 1858 Pliaeace‚
1433 1813 1503 1850 Al·

46 1871 236 1921 cibiades,
252 1872 521 1923 indignissimis
537 1873 661 1911 modis
677 1873 726 1911 ab
746 1873 811 1911 illo
831 1873 1037 1918 laceratus,
1054 1885 1251 1923 nunquam
1273 1887 1313 1911 se
1328 1886 1418 1911 cum
1437 1874 1503 1912 illo

49 1936 243 1987 potuisset
262 1936 469 1974 conciliare
486 1949 495 1974 :
525 1936 630 1982 Quin
647 1935 781 1987 potius
801 1935 984 1974 adversus
1006 1935 1110 1973 hunc
1129 1935 1253 1986 ipsum
1282 1949 1371 1973 cum
1390 1936 1504 1974 Nicia

49 1998 324 2050 conspirasset,
350 2011 426 2036 non
451 2004 586 2036 contra
611 1998 896 2049 Hyperbolum.
943 1997 1034 2048 Ipse
1054 1998 1168 2035 etiam
1188 1997 1337 2044 Nicias,
1366 1998 1406 2035 iu
1427 1999 1504 2036 suis

51 2060 307 2101 Orationibus
326 2060 430 2111 apud
449 2059 735 2112 Thucydidem,
753 2073 867 2111 quam
888 2066 991 2098 tecte
1005 2067 1044 2097 et
1064 2066 1179 2097 caute
1194 2059 1318 2110 tangit
1331 2060 1503 2098 Alcibia-

46 2123 153 2167 dem,
175 2121 268 2160 nihil
287 2127 432 2171 aperte,
452 2121 547 2159 nihil
567 2120 672 2171 quod
700 2120 748 2158 de
767 2119 1008 2159 Ostracismo
1027 2119 1129 2157 inter
1152 2133 1191 2157 se
1219 2119 1371 2158 actione
1392 2121 1502 2171 judi-

51 2184 168 2222 ciaria
185 2184 272 2222 illos
290 2189 458 2221 certasse
479 2181 530 2220 sit
549 2181 723 2221 indicio?
751 2181 874 2219 Immo
889 2194 999 2230 paene
1021 2181 1210 2231 suspicor,
1230 2183 1290 2218 καὶ
1307 2180 1444 2225 Νικίας
1464 2182 1502 2219 in

51 2245 259 2284 Andocide
279 2258 317 2295 p.
338 2248 403 2283 29.
424 2256 459 2281 v.
475 2247 539 2282 12.
557 2243 607 2281 ab
622 2243 820 2281 eruditulo
840 2242 1036 2293 adjectum
1053 2242 1112 2280 vel
1133 2256 1153 2279 e
1173 2242 1420 2293 Thucydide,
1442 2244 1503 2282 vel

50 2322 74 2346 e
96 2307 320 2346 Plutarcho.
376 2305 589 2344 Permirum
608 2303 708 2342 euim
728 2310 830 2342 esset
850 2303 901 2341 de
921 2303 1123 2342 Alcibiade
1140 2304 1234 2350 solo,
1254 2304 1303 2342 de
1324 2303 1438 2342 Nicia
1452 2318 1500 2343 ne

53 2369 213 2407 verbum
235 2368 407 2418 quidem,
429 2367 557 2404 dicere
579 2366 785 2404 Oratorem
815 2365 854 2402 in
881 2372 963 2403 tota
984 2365 1184 2402 Oratione.
1240 2365 1279 2403 Si
1303 2366 1364 2403 vel
1397 2366 1502 2405 hunc

52 2431 295 2469 Ostracismo
309 2439 438 2467 secum
459 2428 693 2467 contendere
708 2426 927 2476 judicasset
941 2426 1155 2476 indignum,
1177 2426 1250 2464 hoc
1265 2427 1399 2464 saltem
1417 2440 1504 2466 meo

47 2492 202 2542 ¹judicio
231 2491 367 2529 fuisset
397 2489 619 2528 dicendum.
675 2489 793 2532 Quod
815 2489 845 2525 si
866 2493 994 2525 tamen
1020 2487 1222 2526 Phaeacem
1240 2488 1306 2526 hic
1326 2502 1502 2527 caussam

51 2554 178 2605 ‘egisse
211 2553 298 2604 quis
319 2552 421 2596 velit,
445 2551 631 2601 suspicari
652 2551 810 2601 poterit,
843 2549 1069 2587 Orationem
1098 2550 1148 2587 ab
1181 2548 1388 2588 Andocide
1407 2551 1502 2588 scri-

53 2607 159 2666 ptam
181 2615 253 2653 sub
280 2626 442 2665 persona
470 2613 656 2658 Phaeacis,
678 2612 744 2663 qui
773 2611 874 2649 illam
904 2610 1137 2649 recitaverit.
1193 2611 1316 2649 Aliter
1343 2611 1500 2661 quidem

54 2677 257 2728 Taylorus,
287 2676 353 2726 qui
383 2675 630 2713 Plutarchum
658 2673 863 2718 emendat3
895 2685 1063 2722 cumque
1083 2672 1185 2722 apud
1213 2672 1318 2709 illum
1341 2672 1502 2721 legatur,

49 2739 199 2798 φέρεται
219 2740 278 2774 καὶ
295 2739 413 2786 λόγος
432 2753 486 2780 τις
511 2738 587 2774 κατ’
611 2734 853 2783 Ἀλκιβιάδου
872 2736 930 2771 καὶ
948 2733 1108 2777 Φαίακος
1128 2734 1406 2784 γεγραμμένος,
1424 2733 1502 2779 ille,

54 2808 97 2840 nt
117 2812 224 2838 suam
250 2798 467 2849 opinionem
494 2797 677 2843 stabiliat,
698 2796 869 2846 corrigit,
888 2796 958 2834 ὑπὸ
977 2795 1137 2837 Φαίακος
1157 2796 1430 2845 γεγραμμένος.
1451 2815 1504 2822 -—

56 2863 204 2902 Contra
225 2873 302 2898 non
322 2861 476 2910 attingit
493 2858 684 2911 Taylorus
711 2860 816 2909 quod
838 2865 897 2896 est
925 2859 962 2896 in
983 2858 1075 2896 Vita
1096 2856 1312 2895 Andocidis
1332 2860 1387 2907 (p.
1409 2860 1501 2896 835.

57 2927 135 2971 Α.),
154 2946 206 2951 ——-
226 2924 378 2966 σώζεται
402 2923 514 2959 αὐτοῦ
528 2921 773 2968 (Andocidis)
790 2922 849 2957 καὶ
867 2922 1057 2967 α’πολογία
1076 2918 1167 2967 πρὸς
1183 2918 1367 2957 Φαίακα.”

111 2990 135 3008 “
156 2985 223 3022 11⁰.
249 2984 419 3022 Alteram
448 2989 575 3021 notam
603 2983 793 3033 Taylorus
827 2982 936 3032 ponit
959 2982 1162 3018 Oratorem
1188 2991 1274 3017 esse
1296 2979 1413 3018 domo
1434 2979 1504 3018 liu-
