1816 3272
450 565 496 619 Ι.
539 564 705 620 ΟΤΤ.
749 565 1122 621 SLUITERI

763 716 811 741 AD

97 812 753 883 ORATIONEM
836 818 977 886 AN
1004 818 1475 887 DOCIDIS

530 977 575 1024 D
598 976 640 1025 E
704 977 751 1025 R
768 976 810 1024 E
830 976 874 1023 D
897 976 918 1024 I
938 976 979 1024 T
1003 976 1046 1024 U

599 1108 959 1153 PRAEFATIO.

55 1325 284 1364 SECUNDA
312 1324 413 1363 inter
432 1323 683 1362 Andocideas
705 1324 846 1362 Oratio
866 1330 926 1363 est
946 1325 1012 1363 De
1034 1326 1198 1373 Reditu‚
1221 1325 1270 1364 de
1298 1339 1375 1376 qua
1391 1325 1505 1363 video

55 1385 255 1424 dubitasse
284 1387 490 1432 neminem,
518 1386 609 1436 quin
632 1385 736 1423 dicta
757 1387 805 1424 sit
824 1393 914 1436 post
935 1387 1100 1425 reditum
1122 1387 1336 1426 Andocidis
1357 1393 1506 1437 postre-

54 1461 173 1493 mum,
195 1461 269 1485 non
290 1447 343 1485 ita
363 1447 429 1484 diu
450 1454 654 1496 antequam
676 1460 831 1485 causam
855 1448 1040 1495 ἐνδείξεως
1054 1449 1118 1487 De
1137 1449 1348 1499 Mysteriis
1364 1455 1504 1486 oraret.

54 1511 111 1548 At
130 1522 220 1548 vero
239 1509 332 1546 mihi
353 1509 519 1546 rationes
539 1509 685 1546 ineunti
706 1509 815 1547 aliter
834 1509 955 1547 visum
974 1516 1044 1548 est.
1097 1510 1197 1548 Nam
1219 1516 1308 1560 post
1329 1517 1505 1560 receptas

53 1585 75 1611 a
93 1571 338 1622 Thrasybulo
359 1577 397 1608 et
417 1569 614 1608 exsulibus
634 1570 821 1614 Athenas,
849 1571 1148 1621 restitutumque
1177 1571 1363 1621 populare
1383 1571 1505 1621 impe-

51 1634 165 1680 rium,
184 1633 297 1672 rediit
315 1632 554 1679 Andocides,
575 1633 695 1671 fretus
713 1633 812 1683 Lege
833 1635 1058 1684 α’μνηστείας
1074 1635 1303 1684 caeterisque
1321 1634 1503 1685 Legibus,

50 1697 178 1747 pactis
207 1701 246 1733 et
274 1696 536 1741 sacramentis,
570 1694 713 1744 quibus
738 1707 871 1732 omnes
901 1694 1006 1733 cives
1036 1695 1212 1744 injuriam
1242 1701 1330 1733 ante
1359 1696 1501 1733 illatam

48 1756 200 1806 ulcisci,
220 1756 280 1793 vel
299 1768 520 1805 quenquam
540 1754 589 1793 de
609 1761 698 1793 ante
718 1755 813 1793 actis
833 1768 1017 1794 accusare
1042 1756 1373 1807 prohibebantur;
1404 1769 1501 1807 quas

46 1818 171 1868 Leges
191 1818 229 1855 in
246 1816 434 1855 Oratione
451 1817 515 1855 De
531 1816 743 1867 Mysteriis
763 1817 927 1855 maximo
948 1818 1021 1855 sibi
1037 1831 1121 1856 esse
1138 1817 1320 1868 praesidio
1336 1817 1500 1868 putavit.

45 1879 124 1917 Hic
149 1891 240 1916 vero
265 1879 369 1917 nulla
397 1878 540 1916 mentio
566 1884 624 1916 est
643 1891 789 1925 eorum,
810 1892 897 1929 quae
918 1886 1005 1930 post
1026 1879 1409 1930 Quadringentorum
1430 1879 1501 1917 do-

45 1940 292 1979 minationem
313 1939 568 1983 acciderunt3
598 1939 758 1989 copiose
778 1947 905 1978 narrat
924 1941 1069 1978 illatam
1091 1941 1163 1978 sibi
1188 1954 1211 1978 a
1230 1940 1502 1990 Quadringen-

46 2004 95 2043 tis
115 2002 306 2052 injuriam‚
330 2008 371 2040 ut
390 2002 534 2040 recenti
554 2001 707 2039 illorum
733 2003 916 2040 memoria
937 2009 1054 2054 atque
1083 2002 1174 2040 odio
1201 2002 1335 2053 populi
1355 2002 1391 2039 in
1414 2001 1497 2040 Oli-

44 2065 213 2115 garchiae
244 2063 439 2102 studiosos
459 2063 642 2113 majorem
678 2077 766 2115 erga
789 2078 829 2102 se
850 2064 1153 2102 misericordiam
1175 2070 1340 2110 moveat,
1362 2064 1429 2114 qui
1447 2063 1496 2101 ab

41 2126 115 2165 illis
148 2131 227 2163 tam
259 2125 355 2162 male
386 2124 503 2163 fuerit
537 2134 736 2177 acceptus.
793 2127 838 2163 In
867 2127 1055 2164 Oratione
1077 2126 1144 2164 De
1164 2125 1377 2175 Mysteriis
1401 2138 1494 2163 con-

42 2186 170 2226 tendit
196 2187 268 2225 sibi
289 2186 357 2235 jus
384 2199 467 2223 esse
497 2187 700 2233 redeundi,
732 2187 914 2237 nullaque
941 2199 979 2224 se
1005 2200 1128 2238 poena-
1150 2187 1284 2233 teneri,
1316 2186 1348 2224 si
1383 2192 1494 2224 antea

41 2248 204 2287 fortasse
226 2247 320 2299 quid
342 2248 619 2288 commisisset:
642 2249 713 2288 hac
735 2249 937 2295 Oratione,
958 2254 1001 2286 ut
1019 2248 1125 2287 ἄδεια
1140 2262 1187 2287 ex
1203 2247 1382 2299 Menippi
1402 2248 1495 2285 Pse-

41 2309 230 2361 phismate
258 2309 330 2346 sibi
348 2308 548 2356 reddatur,
570 2316 667 2349 orat.
723 2311 861 2360 Itaque
890 2310 1005 2360 longe
1028 2311 1111 2348 aliis
1140 2311 1178 2348 in
1204 2310 1277 2349 hac
1306 2311 1493 2349 Oratione

41 2372 161 2411 utitur
193 2371 443 2422 argumentis,
475 2372 600 2423 iisque
631 2373 754 2412 multo
783 2373 1072 2420 infirmioribus,
1102 2387 1218 2424 quam
1245 2375 1283 2412 in
1303 2374 1492 2413 Oratione

40 2433 108 2472 De
121 2432 344 2482 Mysteriis.
374 2433 514 2484 Neque
535 2434 721 2473 credibile
742 2441 815 2481 est,
836 2434 1039 2474 Oratorem
1055 2436 1253 2481 callidum,
1275 2436 1306 2474 si
1324 2435 1494 2474 firmiora

38 2495 176 2534 afferre
201 2495 403 2546 potuisset,
434 2497 703 2535 tantummodo
728 2497 778 2535 ad
808 2510 945 2547 preces
977 2511 1017 2536 se
1048 2511 1322 2536 conversurum
1361 2497 1491 2535 fuisse.

38 2558 105 2603 At,
139 2556 170 2594 si
208 2563 297 2606 post
337 2557 745 2609 XXX-Tyrannorum
784 2565 960 2610 tempora
993 2560 1139 2610 scripta
1170 2559 1304 2597 fuisset
1338 2558 1490 2603 Oratio,

39 2617 176 2656 iisdem
207 2617 423 2655 rationibus
452 2618 508 2656 uti
534 2620 737 2670 potuisset,
767 2620 908 2670 quibus
926 2620 963 2658 in
984 2621 1173 2659 Oratione
1196 2621 1260 2660 De
1281 2620 1491 2670 lWysteriis

38 2692 131 2717 usus
160 2684 230 2717 est.
288 2679 481 2728 Denique,
502 2680 533 2717 si
554 2680 678 2731 ipsam
698 2681 911 2719 dictionem
931 2682 1130 2721 Orationis
1153 2682 1217 2721 De
1234 2682 1382 2720 Reditu
1402 2694 1490 2718 cum

40 2739 228 2779 Oratione
250 2740 315 2778 De
336 2740 544 2791 Mysteriis
565 2755 776 2794 componas
795 2749 833 2781 et
857 2743 1048 2791 conferas,
1068 2744 1183 2782 facile
1208 2750 1267 2781 est
1288 2742 1488 2792 suspicari,

37 2802 139 2840 hanc
160 2802 224 2840 illa
252 2815 335 2840 esse
355 2803 632 2853 posteriorem:
664 2818 751 2845 nam
773 2806 911 2844 Oratio
930 2809 1010 2858 περὶ
1031 2816 1095 2852 τῆς
1123 2805 1282 2843 καθόδου
1305 2805 1491 2855 majorem

37 2863 156 2901 habet
175 2863 367 2909 ardorem,
387 2869 426 2901 et
445 2870 503 2902 est
524 2865 746 2910 incitatior:
779 2875 817 2904 at
837 2867 975 2906 Oratio
997 2867 1062 2904 De
1082 2866 1292 2915 Mysteriz's
1319 2866 1491 2904 sedatior

35 2930 95 2963 est
113 2931 152 2962 et
171 2924 381 2975 prudentia
402 2925 561 2974 majore,
583 2933 625 2965 ut
642 2928 742 2965 illam
764 2934 878 2966 aetate
899 2930 1121 2978 provectior
1136 2927 1277 2965 dixisse
1299 2927 1488 2965 videatur.

35 2985 288 3037 Quapropter
309 2986 537 3026 Orationem
559 2988 623 3027 De
641 2989 790 3028 Redita
811 2990 984 3029 habitam
1003 2989 1192 3037 existimo,
1214 3003 1330 3040 quum
1350 2991 1488 3028 iterum

722 3061 740 3088 2
769 3069 786 3088 r
