1818 3189
194 201 280 245 382

193 307 304 351 προνοίᾳ.
329 309 384 339 τῶν
417 308 516 349 φίλων.
549 314 679 350 propter
705 321 803 342 meam
834 322 907 352 erga

235 353 352 383 amicos
382 352 551 389 caritatem,
579 359 610 383 et
640 354 776 384 studium
805 365 904 385 meum

235 405 341 426 eorum
357 394 449 425 saluti
463 395 681 436 prospiciendi.
696 399 750 434 27,
766 398 818 428 17.

193 438 371 478 Προπύλαια.
388 440 443 479 19,
458 441 511 469 14.

192 480 329 521 πρόρριζον
342 480 456 521 οἴχεται
473 483 530 511 πᾶν
546 480 581 511 τὸ
604 480 737 523 ἡμέτερον
753 482 836 522 γένος.
851 484 905 520 72,

258 534 306 553 en.

190 533 257 605 ml}
270 564 334 596 θεῶν
344 565 391 595 καὶ
408 565 552 605 δαιμόνων.
560 571 705 606 respectu
718 568 904 608 deorumque

233 609 478 648 daemonnmque,
490 614 524 639 ut
533 620 632 650 neque
647 611 686 641 ab
702 611 836 647 illorum,
853 622 905 640 ne-

233 661 294 690 que
312 652 351 681 ab
367 652 486 688 horum,
497 652 576 682 fanis
598 657 750 683 arceatur.
765 657 819 688 48,
832 664 903 692 pen.

232 692 376 723 ἐκτιθέναι
392 695 478 734 leges
491 705 586 726 novas
600 696 741 726 ferendas
759 696 825 737 πρὸς
840 697 904 730 τοὺς

231 734 403 775 ἐπωνύμους.
419 739 472 772 40,
488 740 521 769 3.
543 738 569 767 si
581 739 634 768 illa
647 744 695 769 est
709 749 783 768 vera
800 739 903 769 lectio.

193 798 196 801 ψ
231 777 337 817 ἐγγύας
361 778 520 817 ἐγγυᾶσθαι
544 781 611 821 πρὸς
634 780 667 810 τὸ
690 780 828 819 δημόσιον.
848 783 901 817 35,

234 824 287 852 13.
314 824 464 862 προσάγειν
493 823 559 862 πρὸς
582 826 632 854 τῆν
661 822 771 856 Βουλην.
794 826 890 861 55,7
894 846 902 854 .

231 865 310 894 κατὰ
330 866 380 895 τῆν
397 864 463 904 πρὸς
485 867 564 904 ἡμᾶς
584 866 744 903 ὁμολογίαν.
761 866 815 902 59,
831 877 901 905 pen.

231 905 330 936 θέσθαι
340 910 436 941 καλῶς
449 910 504 940 τὰς
519 907 669 946 γενομένας
683 908 749 948 πρὸς
763 909 904 943 ἀλληλους

232 948 375 988 διαφοράς.
384 952 438 983 70,
446 951 476 978 4.
488 949 650 990 προσπηδᾷν
661 961 728 989 προς
736 953 784 981 τὴν
793 951 901 983 ἑστίαν.

233 993 356 1027 82,15.
379 990 503 1024 fingerem
518 991 584 1031 πρός
596 1004 639 1023 τι.
657 996 731 1029 106,
749 996 800 1024 17.

185 1033 336 1074 προσάγειν
357 1033 423 1074 πρὸς
444 1045 494 1065 την
513 1034 623 1067 βουλην.
646 1035 760 1065 dicitur
774 1037 814 1066 de
827 1047 902 1076 pry-

231 1077 352 1110 tanibus
367 1076 499 1116 aliquem
515 1078 554 1107 ad
569 1082 705 1108 senatum
721 1079 901 1109 adducenti-

230 1119 302 1156 bus,
326 1123 378 1149 aut
398 1119 515 1159 aliquid
534 1121 571 1150 ad
596 1131 665 1151 eum
685 1122 900 1155 referentibus.

186 1204 319 1245 προσηκει
331 1216 384 1245 μοι
398 1203 499 1235 τούτου
515 1205 566 1235 τοῦ
586 1205 761 1255 πράγματος
779 1206 900 1247 οὐδαμό-

230 1246 292 1277 θεν.
309 1248 391 1277 nulla
402 1257 442 1277 ex
457 1253 543 1286 parte
554 1249 708 1287 negotium
721 1250 782 1279 hoc
796 1251 834 1280 ad
850 1261 900 1280 me

228 1290 372 1330 pertinet.
388 1292 463 1326 1:30,
476 1294 505 1320 1.
523 1301 582 1330 pro
593 1290 732 1332 προσιέναι
747 1292 786 1322 de
799 1293 899 1322 vecti-

187 1339 191 1342 ·
229 1331 353 1371 galibus
368 1334 542 1385 quotannis
543 1334 747 1373 undecunque
766 1336 898 1364 redeun-

184 1390 187 1395 <
228 1375 323 1406 tibus.
347 1376 426 1415 φόρος
452 1377 573 1416 προσῆκε
601 1375 652 1416 [id
679 1381 738 1413 est,
765 1377 895 1419 προσῄει]

228 1417 296 1446 κατ’
310 1417 441 1448 ἐνιαυτόν.
455 1421 506 1453 93,
523 1421 577 1449 17.

185 1458 327 1500 προσιέναι
346 1458 492 1499 [subaudi
505 1471 571 1501 προς
582 1461 646 1494 τοὺς
657 1461 823 1503 Πρυτάνεις]
836 1461 899 1501 περι

227 1504 283 1532 τῶν
306 1502 492 1543 γεγενημένων
514 1505 594 1533 κατὰ
619 1504 669 1534 τὴν
693 1504 821 1536 τελετήν.
848 1516 897 1535 re·

228 1546 307 1575 ferre
323 1546 362 1575 ad.
377 1546 538 1584 Prytanas.
554 1546 645 1582 55‚4
648 1568 657 1577 .

182 1587 336 1629 πρόσοδος]
367 1588 513 1629 «πρόσοδοι,
542 1589 674 1625 reditus,
704 1589 897 1628 compendia,

226 1631 399 1670 vectigalia.
425 1631 571 1672 προσόδους
585 1630 655 1666 ἰδίας
668 1631 726 1663 ἀπὸ
741 1634 796 1663 τῶν
809 1635 897 1664 κοινῶν

227 1672 394 1704 ἐποιήσατο.
409 1677 484 1710 116,
498 1678 550 1705 11.

182 1716 347 1756 προσπηδξῐν
362 1716 429 1757 προς
444 1719 494 1748 τὴν
509 1715 618 1747 ἑστίαν.
630 1719 684 1753 82,
701 1719 754 1748 15.

182 1758 442 1800 προσ-πράττεσθαι
467 1759 546 1800 ἕτερα
574 1761 707 1789 τοσαῦτα
733 1760 817 1800 [scil.
841 1760 896 1790 τά·

225 1803 349 1843 λαντα].
373 1806 484 1841 praeter
503 1803 556 1833 illa
578 1808 699 1833 vetusta
719 1803 827 1833 decem
850 1808 896 1834 ta-

225 1845 308 1874 lenta
322 1845 423 1875 adhuc
443 1845 503 1875 alia
518 1855 597 1876 nova
613 1846 742 1876 totidem
758 1846 896 1885 exigere.

228 1889 303 1923 117,
319 1890 372 1918 16.

181 1928 356 1971 πρόσταξις]
378 1931 458 1960 κατὰ
482 1930 652 1970 προστάξεις
666 1930 778 1971 ἄτιμοι.
795 1930 894 1970 capite

224 1972 334 2002 minuti
351 1973 504 2008 restricte,
518 1974 737 2009 conditionate,
754 1974 811 2003 sub
828 1984 894 2004 cer-

225 2014 266 2044 tis
276 2015 526 2055 exceptionibus,
537 2025 650 2052 rerum,
660 2016 807 2053 locorum,
818 2021 895 2047 tem-

223 2067 345 2096 porum.
363 2060 416 2093 36,
434 2061 467 2090 3.
478 2061 507 2088 8.
521 2063 551 2087 et
566 2062 620 2089 11.
641 2060 696 2095 37,
711 2061 742 2089 7.

179 2100 348 2140 προστάτης
361 2101 481 2140 πονηρός.
498 2104 573 2137 117,
590 2104 621 2132 6.

179 2143 390 2184 προστάττειν]
415 2142 596 2183 προσέταξαν
616 2143 744 2178 Λεσβίοις
765 2143 813 2175 τὸν
831 2143 894 2175 οῖνον

224 2184 273 2214 καὶ
287 2187 328 2216 ταὶ
343 2186 423 2216 ἄλλα
437 2187 631 2226 ἀναλώματα.
649 2189 723 2222 128,
740 2189 770 2217 2.

179 2227 369 2269 προτάττειν]
393 2228 524 2268 primum
540 2241 573 2260 se
588 2228 724 2268 objicere
743 2230 894 2270 periculo,

222 2276 387 2310 protegere
403 2282 482 2310 pone
495 2277 609 2302 stantes
626 2272 748 2310 obiecto
763 2284 892 2313 corpore

224 2323 290 2342 suo.
314 2314 506 2354 προτάξαντες
535 2317 614 2355 σφᾶς
633 2315 734 2349 αὐτους
759 2315 812 2356 πρὸ
837 2317 892 2346 τῶν

222 2355 366 2386 Ἓλληνων.
383 2359 435 2395 54,
451 2359 482 2388 3.

179 2396 307 2437 πρότερον
321 2399 458 2439 γενόμενον
471 2398 614 2440 ψήφισμα
629 2399 774 2441 [subaudi
789 2400 838 2431 καῖ
851 2402 893 2431 νῧν

224 2440 316 2470 οὐκέτι
332 2440 357 2470 ὃν
371 2441 484 2481 κύριον].
506 2444 588 2482 quod
604 2443 675 2473 olim
699 2443 729 2473 in
751 2453 807 2474 usu
821 2454 891 2474 cum

223 2483 344 2519 suisset,
359 2495 440 2514 nunc
458 2495 526 2515 esse
542 2485 646 2516 desiit.
663 2488 715 2522 34,
731 2489 762 2518 8.

180 2525 320 2566 πρότερος,
335 2538 379 2567 ρα,
395 2527 450 2568 ρον]
470 2528 666 2567 adjectivum.
681 2529 743 2558 ἀντι
759 2541 810 2563 της
825 2540 891 2570 προ-

221 2580 306 2608 Τξξᾱς
330 2571 443 2610 γνώμης
463 2580 504 2599 νυν
525 2570 607 2610 ὲτὲξᾱ
630 2582 680 2610 μοι
704 2582 890 2611 παρεστηκέν-

223 2613 277 2647 87,
301 2622 370 2651 pen.
393 2613 432 2654 τῇ
454 2612 574 2654 προτέρᾳ.
601 2613 686 2653 [scil.
709 2614 815 2656 ἥμερα]
840 2617 891 2648 τῆς

223 2653 331 2689 θυσίας.
348 2657 467 2692 127,1.
484 2656 559 2686 alias
575 2662 721 2695 usurpant
736 2658 775 2698 τῇ
788 2668 889 2697 προτε-

237 2709 295 2727 aba·

179 2707 328 2791 πρξύργου]
346 2739 417 2770 οὐδὲν
429 2740 560 2782 προῦργου
576 2740 644 2780 ὗμιν
656 2741 776 2772 οἰκοῦσαι
791 2742 890 2771 ταῦτα

222 2781 304 2820 ἐμοῦ.
327 2782 368 2811 nil
392 2784 487 2814 refert
503 2789 618 2820 vestra,
635 2784 676 2814 nil
698 2784 817 2820 attinet,
834 2796 888 2815 vos

223 2825 310 2854 istaec
326 2836 366 2855 ex
382 2837 430 2855 me
451 2827 566 2857 audire.
592 2827 719 2866 perinde
740 2830 785 2856 est
805 2836 840 2856 ac
862 2828 889 2857 si

221 2867 373 2897 dixisset:
386 2868 420 2898 τὸ
429 2870 546 2899 ἄκουσαι
564 2870 642 2909 ὑμᾶς
653 2871 751 2900 ταῦτα
763 2867 815 2908 ἒξ’
805 2880 887 2908 εμου,

221 2909 270 2939 οὐκ
290 2909 368 2940 ἔστιν
386 2912 455 2950 ὑμῖν
477 2912 539 2942 ἀντὶ
560 2912 638 2951 ἔργου
657 2912 778 2945 σπουδῆς
800 2911 886 2951 ἀξίου.

182 2963 186 2968 ·
221 2963 281 2981 ηοη
297 2957 345 2982 est
359 2954 390 2982 in
412 2964 536 2984 numero
551 2965 651 2986 rerum
666 2955 768 2985 studio
784 2959 886 2986 vestro

221 2995 389 3034 dignarum.
406 2998 461 3032 86,
476 2999 506 3027 2.

604 201 800 246 INDEX
833 201 1208 248 GRAECITATIS

940 309 1113 352 πρυτανεία]
1139 309 1189 341 ἐπὶ
1218 311 1269 345 τῆς
1297 309 1408 346 ἐννοίτης
1431 313 1611 352 &quarelae
1632 315 1649 346 ἧ

983 353 1092 387 ἔκτισις
1105 352 1146 385 ἦν·
1159 354 1182 385 εἰ
1198 353 1226 385 δὲ
1241 355 1297 394 μῆ,
1311 354 1346 385 τὸ
1361 355 1509 386 διπλάσιον
1524 356 1649 396 ὤφειλον.

983 398 1038 432 35,
1055 399 1107 426 14.

939 439 1114 492 πρυτανεῖον]
1151 436 1200 469 ἐπι
1229 438 1340 478 ζεύγους
1365 441 1404 474 εἷς
1432 439 1464 470 τὸ
1492 441 1653 492 πρυτανεῖον

983 493 1054 519 ηγον.
1074 484 1128 517 23,
1144 485 1196 513 12.
1219 483 1332 514 σίτησιν
1352 482 1379 514 ἐν
1397 484 1548 525 πρυτανείῳ
1567 490 1650 524 λαμ-

982 523 1084 556 Βάνειν.
1100 527 1174 560 128,
1189 527 1218 555 9.

939 566 1056 608 πωλίον]
1071 567 1233 607 equuleus,
1248 573 1381 599 asturco.
1396 570 1451 606 29,
1465 569 1520 600 ult.

1281 701 1312 725 P.

937 777 1057 829 ῥημα]“
1045 791 1163 819 ρηματα
1174 779 1306 831 θηρεύειν.
1323 782 1354 816 5,
1371 783 1422 811 10.

936 819 1058 861 ῥητός]’
1049 833 1096 851 επι
1110 822 1201 862 ῥητοῖς
1214 833 1317 863 ηγομεν
1329 825 1384 857 τὰς
1397 823 1531 857 σπονδάς.
1553 833 1647 863 super

979 864 1072 893 certis
1095 865 1247 895 condictis
1267 867 1367 905 pactis
1388 866 1440 897 vel
1462 866 1647 897 conditioni-

978 907 1045 937 bus.
1063 909 1116 945 99,
1131 911 1234 947 antep.

1279 1041 1312 1065 Σ.

934 1117 1028 1159 σανὶς]
1045 1119 1212 1160 ἀναγράφειν
1222 1119 1319 1160 νόμους
1329 1120 1355 1150 ἒν
1369 1119 1484 1151 σανίσιν.
1502 1124 1557 1158 40,
1570 1123 1602 1153 3.

934 1161 1047 1201 σελήνη]
1071 1163 1137 1203 πρὸς
1158 1164 1270 1194 σελήνην
1294 1163 1342 1203 [id
1366 1169 1425 1200 est,
1447 1162 1514 1204 πρὸς
1535 1163 1569 1194 τὸ
1590 1163 1646 1194 ἐπ’

976 1204 1066 1238 abvit,-
1095 1206 1170 1247 φῶς]
1201 1206 1262 1247 ὄρρῖν
1287 1207 1384 1246 ἀνδρῶν
1414 1206 1564 1246 πρόσωπα.
1590 1209 1645 1243 19,

976 1252 1080 1287 antep.

932 1290 1064 1331 σημεῖον]
1084 1290 1118 1320 τὸ
1139 1290 1256 1332 σημεῖον
1276 1291 1431 1331 καθαιρεῖν.
1455 1291 1576 1330 signnm
1592 1291 1646 1322 de-

973 1333 1107 1368 trahere,
1136 1334 1166 1363 h.
1193 1344 1219 1363 e.
1251 1334 1429 1364 concionem
1457 1334 1644 1364 dissolvere.

974 1375 1074 1413 quoad
1105 1376 1185 1405 enim
1213 1376 1334 1415 signum
1362 1381 1428 1406 erat
1456 1377 1644 1415 expositum,

974 1417 1080 1447 concio
1102 1418 1281 1448 habebatur.
1304 1420 1357 1454 18,
1382 1419 1437 1449 ult.
1458 1420 1568 1457 σημεῖα
1595 1429 1645 1449 πι-

972 1459 1111 1489 στότατα
1125 1462 1166 1490 τὰ
1181 1459 1239 1491 ἀπὸ
1252 1462 1308 1491 τῶν
1321 1460 1413 1501 ἔργων.
1431 1464 1484 1498 88,
1498 1464 1528 1492 2.
1542 1465 1574 1491 et
1588 1464 1619 1492 5.

931 1503 1087 1541 σιταγωγοῖ
1101 1503 1167 1536 νῆες.
1182 1505 1236 1538 86,
1251 1505 1283 1534 3.

930 1542 1040 1574 σίτησιν
1054 1543 1080 1574 ἒν
1095 1544 1247 1585 πρυτανείῳ
1259 1545 1428 1586 λαμβάνειν.
1444 1548 1520 1581 128,
1535 1549 1567 1577 9.

929 1587 1030 1627 σκευὴ]
1054 1588 1188 1622 habitus,
1210 1589 1340 1619 vestitus
1362 1589 1572 1626 sacerdotalis,
1593 1589 1642 1619 vel

971 1630 1167 1669 pontificalis.
1180 1632 1233 1667 55,
1249 1632 1305 1661 ult.
1639 1646 1643 1651 ·

929 1674 1026 1704 σκηνὴν
1039 1675 1172 1712 Περσικὴν
1184 1673 1299 1714 ἔπηξαν.
1315 1676 1390 1709 127,
1405 1684 1476 1713 pen.
1504 1693 1508 1696 ·

929 1716 1014 1756 σκιὰ]
1031 1715 1085 1746 ὑπὸ
1101 1719 1150 1748 τὴν
1160 1718 1242 1746 σκιὰν
1257 1715 1432 1756 καθίζεσθαι.
1451 1719 1502 1753 19,
1515 1719 1556 1747 17
1558 1738 1567 1747 .

934 1757 1057 1800 Σκύθης]
1074 1759 1197 1799 τοξότας
1212 1759 1323 1793 Σκύθας
1337 1758 1510 1800 ἐπριάμεθα.
1527 1762 1581 1795 92,
1593 1763 1625 1795 2.

929 1802 1065 1837 σπεύδειν
1094 1805 1135 1832 τὰ.
1167 1801 1275 1832 ἐναντία
1304 1802 1342 1844 τῇ
1375 1803 1475 1833 ἑαυτοῦ
1509 1802 1641 1844 ὠφελείᾳ.

972 1846 1027 1880 76,
1043 1847 1074 1875 3.

928 1887 1060 1927 σπονδαὶ]
1085 1886 1330 1927 προκηρωιεύεσθαι
1349 1886 1412 1928 περὶ
1430 1889 1486 1918 τῶν
1506 1888 1640 1918 ‹rm-13&

972 1932 1093 1966 91,11.
1116 1931 1232 1960 σπονδαὶ
1251 1932 1288 1959 ab
1306 1930 1388 1971 εἷρηνη
1409 1930 1565 1960 differunt.
1585 1932 1638 1966 94,

971 1973 1024 2002 13.
1038 1971 1183 2006 σπονδὰς’
1173 1984 1220 2003 επι
1236 1972 1327 2014 ῥητοῖς
1341 1983 1455 2013 ηγομεν.
1472 1975 1524 2009 99,
1536 1977 1638 2012 antep-

927 2013 1082 2056 σταθμοι]
1099 2025 1246 2045 mensurae
1261 2016 1393 2046 Solonis.
1411 2018 1465 2051 39,
1479 2026 1552 2055 pen.

927 2056 1097 2097 στασιάζειν
1111 2056 1178 2098 πρὸς
1189 2059 1254 2092 τοὺς
1264 2058 1414 2100 τυράννους.
1427 2069 1460 2088 se
1472 2068 1639 2098 opponere,

970 2101 1130 2131 adversari
1153 2101 1291 2142 partibus
1310 2106 1342 2132 et
1363 2101 1475 2132 studiis
1497 2106 1641 2141 tyranno-

970 2153 1048 2173 rum.
1065 2146 1118 2179 88,
1134 2146 1164 2174 9.

926 2185 1123 2228 στασιωτεία]
1150 2186 1331 2222 factiositas,
1344 2185 1507 2227 propensio
1531 2187 1569 2216 ad
1588 2196 1638 2216 res

969 2238 1076 2266 novas,
1092 2229 1228 2260 studium
1250 2229 1280 2259 in
1297 2229 1457 2270 republica
1475 2230 1580 2260 turbas
1595 2229 1639 2259 ci·

968 2271 1052 2302 endi.
1070 2275 1144 2308 114,
1160 2274 1212 2302 10.

924 2314 1130 2355 στεφανηφόρος
1144 2315 1228 2352 ἀγών.
1244 2317 1318 2350 111,
1332 2324 1405 2354 pen.
1421 2316 1496 2351 129,
1512 2317 1543 2345 8.

924 2358 1078 2396 στεφανοῦν
1099 2359 1147 2388 την
1166 2357 1246 2388 πόλιν
1265 2357 1314 2386 καὶ
1331 2359 1380 2387 τὴν
1400 2355 1483 2387 οἰκίαν
1503 2356 1561 2387 ἇπό
1582 2357 1638 2387 τῶν

967 2398 1158 2441 ὑπαρχόντων.
1169 2402 1242 2435 125,
1253 2403 1304 2430 11.
1320 2402 1395 2435 128,
1406 2403 1458 2430 11.
1470 2400 1637 2439 στεφανοῦν-

966 2453 1018 2472 ται
1032 2441 1080 2483 ὑφ’
1095 2443 1173 2482 ὑμῶν
1186 2443 1234 2473 καὶ
1248 2442 1493 2482 ἀνακηρύττονται.
1507 2445 1560 2478 84,
1576 2445 1633 2472 10.

923 2484 1033 2526 στῆλη]
1059 2487 1226 2525 ἀναγράφειν
1251 2484 1277 2515 ἒν
1302 2486 1436 2519 στήλαις.
1462 2484 1635 2524 ignominiae
1683 2492 1687 2497 ·

966 2538 1051 2566 ergo.
1074 2530 1127 2563 26,
1148 2531 1179 2559 3.
1202 2527 1315 2562 στηλας
1334 2528 1458 2567 αναιρεῖν.
1476 2529 1529 2563 5⁶2,
1550 2530 1580 2558 2.
1603 2526 1635 2566 ἐξ

964 2571 1055 2601 αὐτῶν
1075 2573 1130 2600 τῶν
1150 2572 1338 2612 γραμμάτων
1356 2568 1545 2608 σκεψασθε“
1530 2582 1549 2599 α
1568 2581 1620 2608 ημ’
1622 2580 1636 2599 ν

965 2611 992 2642 ἐν
1006 2625 1042 2644 τη
1058 2614 1154 2644 στηλη
1168 2613 1339 2654 γέγραπται.
1362 2623 1427 2642 nam
1445 2613 1572 2647 foedera,
1587 2613 1634 2641 in-

966 2647 1077 2692 duciae,
1095 2662 1184 2696 pacta
1200 2656 1298 2686 omnia
1314 2655 1437 2694 publica
1453 2655 1552 2689 stelis,
1565 2655 1593 2684 h
1604 2665 1632 2684 e.

964 2698 1066 2738 cippis
1089 2699 1137 2728 vel
1154 2698 1237 2738 pilis,
1258 2698 1481 2728 incidebantur.
1504 2700 1557 2733 94,
1579 2697 1635 2727 ult.

965 2741 1072 2771 στήλην
1096 2741 1228 2781 εὑρόμενοι
1252 2739 1319 2781 παρ’
1339 2740 1432 2770 αὐτῶν
1449 2742 1567 2771 στῆσαι.
1592 2740 1635 2769 si-

965 2784 1088 2823 gnificat
1118 2783 1298 2813 durissimas
1327 2783 1397 2812 illas
1430 2782 1632 2818 conditiones,

964 2836 1039 2866 quas
1054 2827 1214 2865 Lysander
1231 2825 1470 2855 Atheniensibus
1491 2835 1508 2854 a
1525 2834 1557 2855 se
1578 2825 1632 2853 de.

964 2869 1056 2899 victis
1079 2868 1254 2908 imperavit.
1275 2870 1396 2904 99,14.
1420 2868 1530 2898 στηλαι
1555 2878 1632 2896 στα-

963 2910 1099 2941 θησονται
1122 2910 1321 2952 γεγραμμέναι
1349 2909 1396 2940 ἐπι
1422 2910 1541 2943 τούτοις.
1565 2910 1631 2939 luaeo

963 2954 1174 2993 insculpentur
1203 2954 1313 2984 tabulis
1342 2953 1465 2992 publice
1491 2951 1632 2992 figendis.

965 2999 1039 3033 106,
1051 2999 1082 3026 8.
