1878 3272
467 513 702 567 PETRI
747 512 913 566 VAN
957 512 1223 567 SPAAN

409 630 848 679 DISSERTATIO
898 630 1298 678 HISTORICA*

826 741 877 765 DE

307 817 1395 897 ANTIPHONTE,

552 954 861 999 ORATORE
898 957 1150 1000 ATTICO.

624 1132 803 1171 CAPUT
833 1132 1073 1170 PRIMUM.

123 1209 229 1247 CUM
254 1222 313 1248 me
333 1209 383 1248 ad
405 1211 596 1249 Oratores
615 1211 770 1248 Atticos
791 1210 978 1260 legendos
999 1209 1264 1253 contulissem,
1285 1212 1326 1245 ut
1346 1204 1436 1243 inde
1455 1210 1493 1243 et
1513 1217 1579 1242 na-

121 1270 243 1309 tivum
265 1272 450 1310 sermonis
471 1273 596 1310 Attici
617 1273 789 1323 leporem
813 1285 1101 1323 cognoscerem,
1123 1278 1162 1309 et
1181 1269 1280 1320 juris
1302 1267 1439 1312 Anici,
1461 1280 1483 1304 a
1503 1279 1582 1317 quo

120 1340 305 1385 tanquam
334 1336 442 1375 fonte
475 1337 737 1374 Romanorum
767 1336 838 1374 Jus
866 1336 989 1374 Civile
1019 1334 1175 1372 fluxisse
1209 1336 1377 1376 constat,
1407 1329 1582 1367 notitiam

120 1396 327 1446 haurirem,
360 1411 436 1436 non
469 1405 644 1449 poteram
674 1398 791 1448 hujus
819 1398 997 1436 lectionis
1024 1396 1226 1435 exordium
1258 1393 1405 1432 rectius
1427 1403 1582 1442 capere,

122 1472 238 1509 quam
269 1461 319 1499 ab
349 1461 592 1511 Antiphonte
628 1461 884 1508 Rhamnusio,
913 1473 1029 1510 quem
1059 1460 1324 1507 Hermogenes
1357 1455 1406 1493 de
1433 1453 1583 1492 Formis

123 1521 303 1560 Oration.
325 1523 412 1562 Lib.
438 1524 488 1561 ΙΙ.
510 1537 550 1574 p.
570 1528 662 1562 498.
684 1523 822 1561 Suidas
843 1536 880 1560 v.
901 1522 1130 1576 Μοχὲηρός,
1159 1521 1305 1570 aliique
1327 1515 1585 1555 Grammatici

121 1591 265 1622 vocant
301 1585 438 1623 decem
485 1586 694 1623 Oratorum
740 1586 959 1623 Atticorum
1002 1583 1330 1633 antiquissimum.
1400 1579 1582 1627 Cumque

120 1644 275 1694 scirem,
299 1653 485 1696 quantum
514 1647 656 1685 referat
675 1647 725 1685 ad
754 1647 986 1697 scriptorem
1008 1647 1108 1684 bene
1136 1641 1448 1694 intelligendum,
1470 1651 1583 1677 nosse

120 1706 206 1755 ejus
225 1708 355 1753 vitam,
377 1722 520 1754 mores,
539 1709 731 1755 instituta,
753 1722 814 1746 res
835 1715 976 1758 gestas,
1002 1707 1145 1758 ingenii
1165 1709 1427 1749 monumenta,
1449 1708 1488 1740 et
1507 1701 1584 1740 alia

121 1768 207 1818 ejus
226 1770 392 1820 generiS‚
413 1770 608 1820 quidquid
630 1772 710 1808 ullo
731 1771 847 1808 modo
867 1770 917 1808 ad
940 1769 1224 1820 Antiphontem
1245 1766 1471 1818 pertineret,
1494 1764 1584 1802 dili-

122 1839 257 1883 genter
277 1846 451 1884 quaerere
471 1833 634 1872 institui.
665 1833 873 1884 Congestis
893 1832 1091 1882 omnibus,
1112 1838 1151 1870 et
1171 1831 1219 1869 ad
1235 1829 1403 1868 severius
1422 1839 1584 1865 examen

120 1896 324 1942 revocatis,
345 1895 613 1943 animadverti,
640 1895 758 1946 hujus
784 1895 964 1933 Oratoris
989 1894 1189 1932 historiam
1217 1892 1348 1929 multis
1372 1889 1582 1928 difficulta-

122 1956 227 2002 tibus
251 1956 444 2006 impediri,
467 1970 563 2007 quas
592 1969 668 1995 non
689 1969 825 1994 omnes
853 1956 1072 2007 superarint
1093 1955 1172 1993 duo
1200 1952 1407 1992 excellenti
1429 1949 1583 2001 ingenio

119 2024 161 2056 et
186 2018 365 2056 doctrina
385 2019 483 2064 Viri,
506 2018 575 2069 qui
603 2024 691 2056 ante
717 2031 788 2056 nos
817 2019 855 2056 in
883 2017 1141 2067 Antiphontis
1169 2015 1326 2054 historia
1352 2013 1584 2052 illustranda

119 2080 310 2131 egregiam
337 2093 495 2131 operam
525 2081 783 2126 collocarunt,
807 2081 917 2119 Ioan.
942 2080 1095 2118 Ionsius
1117 2078 1166 2117 de
1187 2077 1453 2128 Scriptoribus
1475 2076 1581 2114 Hist.

120 2143 350 2194 Philosoph.
374 2157 411 2193 p.
433 2147 526 2182 256.
560 2150 601 2182 et
627 2145 736 2183 Ioan.
762 2143 956 2194 Taylorus
987 2141 1165 2180 Lection.
1201 2140 1398 2192 Lysiacar.
1420 2152 1454 2176 c.
1486 2138 1581 2176 VII.

121 2205 297 2243 Acuente
323 2205 479 2252 deinde,
512 2211 554 2244 ut
577 2205 661 2244 fieri
688 2206 797 2252 solet,
827 2206 914 2256 ipsa
937 2204 1166 2243 difficultate
1196 2201 1440 2247 industriam,
1466 2199 1582 2250 digna

122 2267 282 2305 materia
300 2267 380 2305 visa
406 2274 480 2312 est,
503 2268 542 2306 in
564 2281 640 2318 qua
663 2267 908 2318 explicanda,
931 2266 1107 2316 quamvis
1134 2271 1285 2315 tenues,
1306 2262 1473 2301 necdum
1500 2273 1580 2298 ma-

122 2328 319 2368 turitatem
340 2336 551 2376 assecutas,
574 2330 717 2379 ingenii
738 2330 849 2375 vires,
870 2328 1100 2367 adolescens
1121 2326 1290 2365 sedecim
1304 2336 1491 2364 annorum
1512 2336 1580 2374 pe-

121 2391 335 2436 riclitarer3
367 2393 582 2443 praesertim
605 2405 693 2430 cum
714 2393 942 2443 Praeceptor
961 2404 1068 2429 meus
1088 2402 1288 2440 nunquam
1309 2387 1400 2426 satis
1420 2385 1581 2424 laudan-

121 2453 208 2501 dus,
231 2454 360 2492 David
383 2454 637 2492 Ruhnkenius
658 2454 706 2491 V.
728 2454 773 2492 C.
794 2467 816 2492 a
837 2467 917 2504 qno
938 2466 1029 2498 un0‚
1058 2451 1252 2503 quidquid
1274 2463 1371 2495 sum,
1394 2450 1432 2486 in
1457 2448 1580 2486 hocce

121 2518 339 2556 studiorum
359 2519 499 2568 genere
519 2530 580 2555 me
600 2523 723 2555 totum
741 2516 962 2567 profectum
983 2528 1081 2559 esse,
1102 2523 1235 2565 gratus
1255 2513 1390 2556 fateor,
1412 2523 1483 2561 pro
1503 2509 1579 2546 sin-

120 2580 245 2630 gulari
271 2593 340 2618 sua
368 2580 406 2617 in
432 2593 494 2617 me
521 2579 806 2624 benevolentia,
827 2578 933 2616 varia
960 2577 1053 2616 mihi
1076 2577 1126 2614 ad
1149 2576 1433 2626 Antiphontem
1460 2570 1578 2623 perti-

166 2681 184 2700 *
202 2681 323 2711 Prodiit
339 2683 377 2711 A.
390 2683 484 2713 1765.
508 2681 650 2721 Lugduni
667 2682 854 2711 Batavorum
872 2680 1055 2720 opusculum
1071 2680 1130 2709 hoo
1147 2678 1247 2718 elogio
1273 2677 1456 2716 inscriptum
1471 2685 1477 2704 :
1503 2671 1578 2722 Pi}-

123 2725 248 2754 sertatio
269 2725 416 2754 historica
431 2725 469 2754 de
485 2725 681 2764 Antiphonte‚
696 2730 816 2754 oratore
835 2725 951 2759 Attico,
972 2734 1073 2763 quam,
1089 2727 1240 2752 annuente
1261 2721 1333 2756 deo,
1357 2721 1415 2749 snb
1431 2716 1578 2757 praesuduo

122 2767 191 2797 Viri
207 2767 397 2798 celeberrimi
413 2767 545 2798 Davidis
563 2768 750 2802 Ruhnkenii,
764 2767 973 2797 Historiarum
989 2771 1021 2796 et
1033 2765 1223 2805 Eloquentiae
1240 2765 1268 2794 in
1283 2764 1379 2794 Acad.
1394 2760 1494 2800 Lugd.
1508 2759 1580 2788 Bat.

124 2810 309 2840 Professor-is
326 2811 482 2846 ordinarii,
497 2811 621 2850 publico
636 2811 770 2840 examini
787 2811 912 2852 subjicit
928 2811 1041 2840 Petrus
1056 2820 1114 2839 van
1129 2810 1240 2848 Spaan‚
1255 2805 1459 2837 Hensbroeka
1472 2801 1579 2832 West-

120 2852 238 2888 frisius,
262 2855 389 2889 Auctor,
409 2854 440 2883 d.
457 2854 532 2883 XV.
554 2853 630 2884 Maii
655 2854 880 2883 MDCCLXV,
904 2853 934 2882 in
961 2858 1078 2893 quarto,
1102 2852 1231 2891 implens
1248 2849 1375 2889 paginas
1396 2849 1450 2895 539.
1487 2843 1579 2884 Quod

124 2895 304 2934 opusculum
321 2896 440 2926 tametsi
457 2897 535 2926 haud
558 2898 696 2932 deerunt,
713 2897 764 2936 qui
785 2896 965 2927 Ruhnkenio
983 2896 1045 2934 ipsi
1061 2895 1168 2925 malint
1191 2895 1335 2928 tribuere,
1353 2900 1442 2939 cujus
1465 2887 1578 2938 multas

121 2948 306 2978 magnasque
324 2945 425 2977 partes
440 2939 472 2969 in
487 2950 524 2970 eo
539 2940 763 2970 conscribendo
776 2940 872 2970 fuisse
885 2944 1016 2974 constat,
1031 2949 1089 2977 ego
1107 2943 1218 2972 tamen,
1232 2936 1283 2966 hio
1299 2934 1360 2964 loci
1378 2938 1461 2973 typis
1475 2933 1577 2980 lapsi-

123 2983 245 3012 ensibus
269 2991 409 3011 recusum
426 2982 584 3016 exhibens,
601 2983 721 3022 Spaauii
743 2993 863 3019 nomen,
878 2983 929 3023 qui
955 2993 987 3014 se
1012 2985 1167 3013 auctorem
1184 2978 1328 3020 opusculi
1351 2977 1434 3015 tulit,
1450 2984 1577 3009 servan,

122 3031 154 3056 et
169 3024 332 3065 ignobilius
347 3024 482 3066 praeferri
498 3025 652 3063 nobiliori,
669 3026 764 3057 satius
780 3026 868 3056 duxi.

840 3087 857 3106 n
