1818 3189
197 203 283 244 372

241 306 268 339 ἐν
282 309 342 342 τοῖς
356 308 519 349 μυστηρίοις
539 307 757 350 πεπραγμένοις.
781 311 820 340 ob
835 310 907 341 faci-

240 361 316 381 nora
341 351 372 381 in
396 352 490 381 sacris
516 352 686 382 Eleusiniis
710 354 910 392 perpetrata}

242 395 325 425 Num
346 399 428 425 recte
445 395 536 425 habet
558 395 655 426 dictio
675 394 701 425 ἐν
715 395 808 435 ἀνδρίᾳ
824 397 909 426 νικᾶν.

243 439 381 472 133,13.

196 479 328 520 ἐναντίος]
346 479 473 510 σπεύδειν
487 482 528 510 τιὶ
543 479 652 511 ἐναντία
665 493 702 522 τῃ
719 481 819 511 ἑαυτοῦ
837 482 909 521 ὢφε-

240 521 313 563 λείᾳ..
330 525 384 559 76,
398 525 430 554 3.
450 525 524 555 πολὺ
545 522 572 553 δέ
588 536 638 563 μοι
654 524 730 554 δοκεῖ
745 523 778 553 τὸ
794 523 910 554 ἐναντίον

241 564 313 606 [pro
330 567 476 597 adverbio
489 565 628 620 ἐναντίως]
645 566 710 598 ειναι
723 566 737 598 ἢ
750 568 771 597 οἱ
785 568 908 606 κατήγο-

240 619 278 648 ροι
294 607 378 640 εἶπον.
394 611 448 646 56,
461 610 516 640 ult.
532 609 601 639 ἀλλ’
614 609 684 640 αὗτό
697 623 730 639 το
743 609 908 641 ἐναντιώτα-

239 662 296 681 τον.
314 654 430 688 92,15.
454 653 527 683 πολὺ
542 653 650 683 τούτων
663 652 785 682 ἐναντίαν
799 654 909 694 γνώμην

241 693 312 736 ἔχω.
330 698 362 731 3,
378 698 408 726 Ξ.

197 735 394 768 ἐναντιοῦσθαι
409 738 469 773 τοῖς
481 737 578 779 ἔργοις,
594 751 631 773 οις
642 739 674 769 ἃν
688 739 769 779 εἰρήνη
785 738 908 776 γένηται.

243 781 294 816 90,
310 781 342 811 5.

197 819 358 860 ἐνδεικνύειν,
374 824 423 853 vel
440 823 609 865 ἐνδεικνύναι]
627 824 764 855 indicare
780 824 908 864 populo,

240 867 362 897 deferre
378 868 458 906 apud
480 868 636 907 populum,
659 868 790 906 aliquem
807 867 858 906 qui
879 868 909 897 ei

240 910 402 946 adversus,
419 910 547 940 infestus
568 915 599 940 et
618 911 729 940 noxius
744 911 862 940 suisset.
877 912 908 947 4,

241 953 295 982 13.
305 955 357 988 82,
370 955 400 984 9.
416 953 520 983 differt
532 964 548 983 a
557 955 727 994 κατηγορεῖν.
742 954 817 983 illud
831 965 908 993 prae-

239 995 336 1032 cedit,
360 996 418 1025 hoc
443 996 590 1035 sequitur.
614 997 690 1026 illud
719 1001 767 1026 est
787 997 908 1027 deferre

239 1037 321 1077 apud
346 1039 566 1078 magistratum,
591 1040 659 1074 hoc,
684 1050 768 1070 reum
789 1040 909 1070 actione

239 1082 321 1120 apud
345 1082 470 1120 judices
497 1084 650 1122 persequi.
678 1085 733 1119 34,
759 1085 789 1113 6.
823 1093 908 1112 reum

239 1133 331 1164 agere
352 1125 578 1163 profanatarum
596 1126 790 1165 religionum.
808 1128 861 1161 60,
879 1128 907 1156 9.

239 1167 267 1197 si
290 1167 359 1206 quis
385 1169 537 1198 exercitui
561 1169 695 1199 hostium
721 1175 907 1198 commeatus

239 1213 293 1239 aut
308 1221 391 1241 arma
412 1211 607 1241 adduxisset.
623 1214 676 1251 82,
692 1214 721 1243 9.
745 1211 907 1242 ἐνδείκνυται

237 1252 312 1293 [pro
328 1252 526 1290 ἐπιδείκνυται,
541 1255 574 1284 id
590 1260 648 1291 est,
663 1254 689 1285 ἐν
703 1254 794 1294 τούτῳ
809 1255 908 1284 δείκνυ-

238 1306 282 1325 σιν
298 1296 424 1336 ἐαυτὸν],
444 1299 542 1335 jactat
556 1309 636 1333 sese,
651 1298 746 1337 ἀξιῶν,
761 1299 809 1328 οὐκ
825 1297 909 1332 αὐτὸς

237 1339 299 1371 τοῖς
312 1338 414 1377 νόμοις,
430 1338 499 1369 ἀλλ’
514 1341 593 1380 ὑμᾶς
607 1343 667 1374 τοῖς
683 1340 784 1371 ἑαυτοῦ
798 1341 909 1381 τρόποις

238 1381 411 1413 ἀκολουθεῖν.
424 1386 498 1419 121,
514 1386 566 1414 15.

194 1420 313 1463 ἔνδειξις.
328 1427 428 1460 43,1.

194 1464 264 1496 ἔνδον
280 1466 329 1507 [id
344 1473 402 1505 est,
419 1467 445 1498 ἐν
460 1469 503 1508 τῷ
518 1466 713 1509 ζουλευτηρίῳ]
735 1468 908 1509 καθήμενος.

194 1549 313 1593 ἐνέχειν]
330 1530 477 1594 ἐνέχεσθαι
493 1565 554 1588 τοις
570 1554 667 1588 αὐτοῖς
683 1552 856 1594 [subaudi’
845 1565 908 1584 επι-

235 1595 371 1637 τιμίοις].
383 1598 482 1636 poenis
495 1597 605 1627 iisdem
618 1598 727 1634 teneri,
742 1598 854 1636 quibus
864 1615 909 1620 -—

237 1641 291 1675 22,
308 1649 377 1678 pen.
395 1640 441 1670 τὸν
455 1640 651 1673 Βουλευσαντα
666 1639 691 1670 ἐν
703 1641 745 1679 τῷ
759 1640 839 1679 αὐτῷ
852 1639 906 1670 ἐνέ-

235 1682 362 1723 χεσθαι,
387 1683 510 1713 καὶτὸν
538 1684 577 1715 ‘rii
604 1683 677 1726 χειρὶ
706 1683 905 1723 ἐργασάμενον.

237 1726 293 1764 46,
307 1725 341 1756 5.

193 1748 353 1808 ἐνέχυρον]’
343 1767 458 1810 ενέχυρα
470 1769 548 1809 ἧμῶν
561 1768 664 1802 ἐλαβεν
675 1770 732 1802 τὰς
741 1769 816 1803 ναῦς.
832 1771 906 1805 108,

238 1813 269 1840 1.
284 1816 317 1840 et
332 1813 363 1841 6.

192 1851 342 1893 ἐννατος]’
331 1853 380 1884 em
392 1855 443 1888 τῆς
456 1852 568 1889 ἐννάτης
576 1853 759 1895 πρυτανείας.
773 1855 892 1891 35,14.

191 1906 307 1950 noxae?
301 1895 368 1926 εῖναι
388 1895 415 1927 ἐν
435 1899 496 1932 τοῖς
518 1909 612 1932 αυτοις
628 1896 907 1939 [εοί1.ἐ·ωἰτιμίοις]

237 1937 264 1968 ἐν
278 1937 436 1991 ..bap—3
447 1943 502 1975 38,
519 1943 549 1970 8.

193 1978 302 2020 ἐξάγειν
325 1981 409 2022 [scil.
425 1981 457 2012 ἐκ
471 1995 523 2017 της
539 1982 714 2034 ὄρχήο-τρας]
737 1985 792 2013 τῶν
811 1993 907 2025 χορευ-

236 2027 352 2055 τῶν-.
365 2028 522 2075 121,13en.
537 2024 707 2065 ἐξάγεσθαι.
718 2026 838 2061 efferre,
852 2037 906 2057 ex·

236 2072 360 2107 portare
386 2070 508 2100 nomine
530 2075 710 2100 mercaturae
736 2079 775 2099 ex
803 2070 907 2109 aliquo

235 2116 338 2149 portu.
354 2113 408 2147 81,
424 2114 453 2142 2.

193 2152 333 2194 ἐξαίρετος
349 2155 393 2193 τῷ
407 2154 496 2195 δήμῳ.
511 2155 632 2195 privas,
647 2155 792 2195 proprius
810 2156 906 2195 plebi,

238 2202 437 2227 consecratus
452 2200 518 2237 ejus
535 2199 630 2230 solius
644 2198 758 2229 usibus.
776 2201 828 2235 93,
845 2203 875 2230 1.

193 2237 350 2279 ἐξαλείφειν
363 2239 560 2281 ψηφίσματα.
576 2252 768 2282 expungere.
783 2244 837 2279 36,
854 2245 908 2274 12.

237 2285 293 2319 38,
307 2285 337 2313 Ξ.
354 2285 409 2321 52,
423 2287 453 2314 4.

192 2306 414 2368 ἐξαμαρτάνειν]
429 2337 570 2366 peccare,
586 2327 648 2357 labi
664 2338 718 2368 per
731 2327 906 2366 impruden-

236 2369 320 2449 ἓαιιι.
342 2371 460 2408 μεγάλη
475 2371 520 2400 και
534 2370 570 2400 τὸ
582 2369 753 2412 ἐξαμαρτεῖν
771 2371 907 2411 δυσ-πρα-

256 2423 285 2440 ια
310 2413 365 2445 77,
377 2415 407 2443 8

193 2451 516 2496 ἐξανδραποδίζεσθαι]
509 2467 538 2485 ιιι
555 2455 735 2486 servitutem
750 2457 904 2497 redigere,

239 2498 297 2527 sub
312 2508 425 2528 corona
443 2499 586 2529 vendere.
603 2501 655 2534 99,
674 2502 703 2530 9.

193 2537 326 2579 ἐξαρκεῖν.
353 2543 476 2578 116,1.
500 2541 529 2571 οὐ
548 2543 645 2571 ταῦτα
665 2542 746 2581 μόνον
764 2540 903 2584 ἐξήρκεσε.

236 2593 297 2613 non
334 2583 392 2614 hoc
428 2585 618 2615 solummodo
649 2585 744 2615 valuit
774 2586 903 2617 efficere.

236 2629 312 2663 118,
327 2628 357 2657 9·

192 2667 307 2708 ἔξαρνος.
324 2671 356 2705 6,
371 2671 421 2700 13.
438 2671 491 2706 62,
504 2672 555 2700 12.

191 2709 393 2750 ἐξεγγυῖιο-Θαι.
418 2713 488 2743 dato
506 2713 623 2752 praede,
647 2712 821 2743 libertatem
837 2714 903 2744 adi-

235 2755 315 2793 pisci
331 2765 453 2795 qnoquo
469 2757 547 2786 velis
559 2755 663 2786 eundi.
679 2758 732 2792 22,
752 2759 801 2788 12.

191 2795 358 2839 ἐξελαύνειν]
377 2799 457 2828 unde
470 2797 572 2838 ἐξελεῖν
588 2799 686 2838 possit
701 2798 900 2839 repeti-11⁶2,

235 2843 266 2872 6.
281 2841 339 2871 nisi
354 2841 461 2882 siquis
474 2843 559 2873 malit
574 2845 612 2873 ab
627 2842 750 2882 antiquo
763 2842 901 2872 obsoleto

233 2881 367 2923 ἐξέλλειν.

190 2925 409 2967 ἐξέρχεσθαι]
399 2939 414 2958 n
428 2925 582 2967 ἐξελθουσα
597 2927 694 2961 βουλή.
708 2931 831 2959 senatus
847 2928 900 2958 de-

234 2970 370 3005 functus,
395 2971 448 3010 qui
470 2981 547 3002 anno
570 2972 716 3012 proximo
741 2971 899 3012 superiore

235 3013 325 3044 aedit.
342 3016 396 3051 37,
410 3016 440 3045 2.

635 202 830 245 INDEX
853 202 1231 246 GRAECITATIS

943 308 1134 350 ἐξετάζεσθαι
1145 312 1201 340 τῶν
1215 308 1324 348 ἀγαθῶν
1340 307 1386 345 εἷς.
1402 309 1432 339 ἰιι
1447 308 1533 339 bonis
1547 319 1650 340 nume-

986 354 1058 383 rari.
1076 356 1148 388 111,
1167 356 1217 384 11.

943 393 1113 435 ἐξευρίσκειν.
1129 398 1182 432 63,
1198 396 1252 425 ult.

942 436 1125 480 ἐξηγεῖσθαι]
1152 438 1336 479 respondere
1359 437 1588 467 consulentibus
1611 437 1651 466 de

982 483 1051 520 jure
1063 492 1227 518 sacrorum,
1244 481 1431 511 caerimonias
1446 480 1650 520 interpretari.

985 527 1039 560 57,
1055 526 1104 555 15.
1122 530 1152 554 et
1168 526 1221 556 ult.

943 565 1055 606 ἐξιέναι]
1074 566 1132 597 οὔτ’
1146 568 1182 602 εἷς
1195 569 1244 598 τῆν
1254 569 1354 606 ἀγορὰν
1367 565 1479 608 ἐξῄει-ιε.
1494 568 1549 601 79,
1566 568 1596 595 ’2.

942 609 1082 650 ἐξορμεῖν]
1107 611 1144 640 de
1162 611 1284 649 navigio
1300 616 1387 639 extra
1408 615 1527 648 portum
1545 609 1583 638 ad
1599 618 1652 638 an-

985 653 1105 683 choram
1134 659 1244 688 stante,
1270 658 1372 692 parata
1395 653 1432 682 ad
1459 651 1651 682 solvendum.

986 698 1017 731 6,
1034 697 1064 726 3.

943 737 1156 778 ἐξοστρακίζειν.
1174 740 1247 773 129,
1263 740 1292 768 9.
1310 742 1342 767 et
1357 740 1408 767 12.

943 781 1055 821 ἐξούλη]
1077 781 1192 819 ἐξούλας
1209 780 1313 820 ὅφλειν.
1331 780 1465 811 damnari
1487 783 1515 812 in
1533 783 1652 821 judicio

985 835 1085 854 causae
1106 824 1185 853 unde
1201 825 1244 859 vi,
1260 825 1288 854 b.
1305 835 1332 854 e.
1349 825 1459 853 debere
1482 825 1554 855 fisco
1574 827 1651 856 mul—

986 871 1066 897 ctam
1085 867 1302 905 pecuniariam,
1327 867 1488 906 irrogatam
1508 869 1652 898 damnato

983 911 1015 940 in
1032 912 1151 939 actione
1167 911 1206 939 ob
1228 910 1306 939 bona
1322 920 1378 948 per
1396 911 1480 940 nefas
1501 917 1652 950 occupata

984 959 1016 983 et
1029 952 1164 982 detenta.
1181 954 1233 988 35,
1252 956 1302 983 10.

942 995 1046 1036 ἐξώλης
1061 995 1144 1029 αὐτὸς
1158 997 1204 1026 καὶ
1223 994 1256 1025 τὸ
1275 995 1358 1033 γένος.
1376 998 1430 1031 49,
1447 998 1495 1026 12.
1518 995 1568 1026 καὶ
1583 998 1597 1028 ἡ
1613 998 1651 1027 οἶ-

984 1038 1042 1069 κίοι.
1057 1041 1110 1073 63,
1130 1042 1160 1068 1.

942 1080 1204 1122 ἐπαγγέλλεσθαι]
1234 1082 1422 1122 promittere,
1447 1081 1588 1123 recipere
1607 1083 1652 1112 fa-

985 1131 1114 1155 cturum.
1134 1127 1165 1158 8,
1179 1128 1208 1154 1.

942 1166 1076 1209 ἐπαίρειν]
1104 1168 1229 1198 illicere.
1258 1168 1318 1202 τοῖς
1342 1169 1395 1202 τῆς
1424 1166 1531 1202 πόλεως
1556 1169 1652 1203 κακοῖς

985 1210 1123 1250 ἐπαρθείς.
1144 1214 1195 1246 19,
1212 1213 1245 1242 3.

941 1251 1156 1294 ἐπαναγκάζειν.
1176 1256 1248 1288 119,
1265 1254 1319 1283 ult.
1343 1255 1417 1288 121,
1435 1257 1464 1284 2.

942 1295 1143 1337 ἐπιαναφέρειν]
1168 1296 1310 1332 consilia,
1330 1295 1580 1333 deliberationes,
1596 1307 1651 1326 ex-

984 1342 1157 1369 secutiones
1180 1339 1371 1379 negotiorum
1395 1339 1432 1367 ad
1458 1339 1651 1378 superiorum

983 1382 1142 1411 arbitrium
1157 1382 1282 1411 referre.
1296 1382 1370 1416 105,
1384 1383 1436 1410 17.

941 1422 1120 1465 ἐπαναφορὰ]
1147 1423 1256 1454 relatio
1279 1424 1476 1454 consiliorum
1499 1425 1538 1454 ad
1560 1435 1652 1465 supe-

985 1468 1091 1498 riores.
1110 1470 1183 1504 105,
1195 1477 1265 1506 pen.

941 1508 1169 1551 ἐπανίστασθαι]
1199 1509 1349 1549 ἐπαναστῇ
1369 1511 1503 1550 τυραννεῖν
1526 1509 1573 1550 [id
1593 1515 1653 1547 est,

984 1554 1053 1587 ὥςτε
1064 1554 1224 1595 τυραννεῖν]
1238 1554 1398 1592 insurgere
1409 1553 1447 1582 ad
1463 1553 1653 1592 tyrannidem

984 1598 1200 1627 exercendam.
1216 1599 1269 1633 48,
1286 1599 1338 1626 14.

941 1638 1129 1681 ἐπαύρεο-θαι]
1150 1640 1220 1676 frui,
1237 1640 1370 1669 fructum
1384 1639 1555 1678 percipere.
1579 1639 1650 1670 εἴτι

985 1683 1063 1722 ὑμεῖς
1077 1686 1131 1725 χρῆ
1147 1682 1256 1722 ἀγαθὸν
1269 1681 1301 1722 ἐξ
1313 1681 1384 1723 ἐμου
1394 1681 1585 1722 ἐπαύρεο-θαι,
1597 1684 1651 1720 75,

985 1732 1088 1765 antep.

942 1766 1164 1809 ἐπεξέρχεο-θαι]
1190 1778 1270 1808 pone
1297 1768 1426 1807 aliquem
1452 1777 1609 1807 egressum
1633 1779 1652 1799 e

985 1811 1066 1847 loco,
1083 1822 1111 1841 e.
1125 1822 1151 1841 c.
1168 1822 1184 1841 e
1200 1811 1295 1846 curia,
1308 1812 1358 1841 vel
1371 1811 1461 1840 etiam
1476 1820 1651 1849 regressum

985 1854 1024 1883 ad
1040 1855 1125 1884 illum
1143 1854 1256 1889 locum,
1273 1855 1356 1883 exire
1371 1854 1410 1883 ad
1425 1853 1652 1885 multitudinem

984 1897 1060 1926 foris
1075 1901 1217 1926 stantem.
1232 1899 1286 1932 56,
1298 1897 1329 1926 5.
1346 1899 1400 1933 57,
1413 1898 1443 1926 6.

942 1939 1146 1978 Epexegesis.
1162 1941 1202 1969 τὰ
1217 1939 1271 1969 ἴδια
1287 1941 1326 1968 τὰ
1340 1938 1468 1978 σφέτερα
1478 1938 1580 1975 αὐτῶν,
1594 1945 1651 1979 pro‘

984 1984 1025 2012 τα
1039 1982 1093 2021 ἰδία
1108 1981 1205 2022 σφίσιν
1219 1982 1315 2015 αὐτοῖς
1328 1981 1406 2011 ὄντα.
1423 1983 1497 2018 107,
1511 1983 1541 2011 2.

942 2023 1138 2066 ἐπεύχεο-θαι]
1154 2026 1291 2055 formnlae
1306 2025 1507 2064 jurisjurandi
1522 2035 1541 2054 a
1555 2035 1588 2055 se
1603 2025 1652 2055 di-

985 2069 1027 2097 cti
1043 2070 1242 2108 subjungere,
1253 2079 1308 2098 seu
1319 2069 1396 2098 bona
1411 2073 1482 2098 vota
1492 2069 1651 2104 bonorum,

986 2111 1012 2140 si
1035 2112 1136 2150 jurata
1161 2116 1297 2151 praestet,
1322 2122 1373 2141 seu
1397 2111 1650 2150 imprecationem

986 2155 1131 2190 dirarum,
1148 2156 1174 2184 si
1191 2155 1290 2184 sciens
1305 2155 1401 2189 sallat,
1417 2156 1470 2189 49,
1488 2156 1540 2183 11.

941 2195 1005 2238 ἐπὶ]
1031 2208 1098 2227 cum
1113 2198 1268 2228 Genitivo.
1297 2195 1346 2228 ἐπῖ
1364 2196 1486 2237 ζεύγους,
1501 2196 1531 2225 in
1546 2206 1651 2227 carru-

985 2241 1051 2275 cha,
1068 2240 1146 2277 Eyew
1160 2240 1198 2275 εἷς
1213 2242 1380 2280 πρυτανεῖον.
1395 2242 1448 2275 23,
1467 2241 1517 2269 12.
1535 2239 1584 2270 ἐπὶ
1599 2240 1650 2274 τῆς

983 2282 1093 2317 ἐννάτης
1113 2283 1289 2323 πρυτανείας.
1311 2285 1363 2318 35,
1382 2286 1433 2313 14.
1454 2282 1578 2322 ἱκετηρία
1592 2283 1651 2311 κεῖ·

983 2338 1032 2357 ται
1054 2325 1104 2356 ἐπὶ
1126 2328 1176 2356 τοῦ
1196 2325 1303 2365 ζωμοῦ.
1317 2328 1371 2362 56,
1392 2330 1418 2356 1.
1442 2325 1463 2354 oi
1487 2325 1537 2355 ἐπὶ
1559 2332 1650 2365 στραὲ

983 2369 1060 2403 τείας
1082 2369 1166 2403 ὄντες.
1188 2372 1241 2406 82,
1262 2372 1313 2400 12.
1355 2370 1432 2399 Cum
1456 2368 1581 2398 Dativo.
1603 2366 1650 2407 ἐφ’

984 2413 1053 2452 ὑμῖν
1080 2412 1228 2452 γενόμενον.
1253 2422 1322 2442 cum
1342 2423 1391 2442 res
1411 2412 1441 2441 in
1462 2415 1648 2450 potestatem

982 2461 1114 2485 vestram
1127 2456 1316 2486 devenisset.
1331 2457 1385 2491 38,
1398 2455 1453 2484 ult.
1467 2456 1509 2484 τὸ
1506 2452 1649 2509 ρὺμέτερα

981 2498 1074 2528 αὐτῶν
1088 2497 1198 2532 δικαίως
1212 2497 1256 2538 ἐφ’
1267 2499 1351 2552 ὑμῖν-Ι
1345 2496 1431 2528 ἐστίν.
1443 2500 1494 2531 85,
1506 2498 1537 2526 7.
1553 2507 1648 2536 πρατ-

982 2541 1097 2580 τόμενος
1111 2541 1231 2582 ἀργύριον
1243 2540 1291 2571 ἐπὶ
1302 2542 1363 2575 τοῖς
1371 2539 1540 2581 αἰσχίστοις
1551 2537 1648 2579 ἔργοις,

981 2583 1053 2624 ἔζης.
1072 2585 1224 2620 mercede,
1246 2593 1335 2623 quam
1351 2583 1511 2622 exigebas,
1527 2582 1648 2613 infamis

981 2628 1150 2666 patientiae,
1169 2627 1260 2657 vitam
1285 2627 1447 2661 tolerabas,
1464 2625 1513 2655 vel
1532 2624 1647 2654 victum

981 2671 1152 2709 quaerebas.
1167 2671 1220 2705 50,
1238 2673 1266 2699 1.
1288 2667 1344 2699 ἐπί
1367 2680 1432 2703 τινι,
1457 2668 1488 2698 in
1509 2667 1648 2698 fraudem

981 2713 1121 2752 alicujus,
1145 2714 1212 2751 ejus
1238 2711 1457 2751 pessumdandi
1481 2720 1566 2750 ergo,
1587 2710 1647 2740 εἰσ·-

981 2758 1095 2794 ενεγκεῖν
1123 2755 1281 2797 χρήματα.
1303 2758 1355 2791 64,
1379 2757 1431 2786 20.
1462 2752 1518 2784 {wi
1540 2752 1645 2783 σαντί,

980 2809 1159 2838 quocunque
1187 2799 1267 2834 loco,
1291 2800 1464 2833 occasione,
1491 2800 1647 2836 praetextu

979 2843 1051 2872 dato
1066 2847 1240 2882 arreptove.
1256 2844 1311 2877 77,
1326 2842 1357 2872 3.
1380 2842 1445 2874 τοὺς
1465 2841 1564 2868 ταῦτα
1580 2837 1646 2872 Βου-

979 2885 1136 2918 λεύσαντας
1153 2883 1200 2923 υφ’
1222 2885 1299 2923 ὺμιν.
1322 2884 1415 2914 haec'
1406 2894 1438 2913 m
1458 2887 1578 2922 pestem
1594 2892 1646 2912 ve-

979 2933 1073 2957 stram
1098 2927 1296 2958 machinatos.
1313 2929 1367 2963 85,
1389 2927 1444 2956 ult.
1473 2924 1521 2955 ἐπι
1544 2924 1583 2966 'rii'
1604 2925 1647 2954 νῦν

977 2969 1071 3000 εὐνοία.
1094 2971 1133 3000 ob
1149 2980 1226 3006 eam,
1249 2980 1316 3010 quae
1336 2970 1410 3000 mibi
1425 2978 1503 2999 nnnc
1519 2973 1578 3004 est,
1593 2976 1644 2996 vc-

978 3014 1032 3045 stri
1049 3013 1217 3045 studiosam
1234 3013 1462 3045 voluntatatem.
1478 3013 1533 3047 88,
1547 3013 1581 3042 4.
1593 3007 1643 3040 ἐπὶ
