1816 3272
39 1078 91 1113 35

37 1347 89 1383 40

329 251 512 297 ΠΕΡΙ
562 253 747 295 ΤΩΝ
795 248 1342 293 ΜΥΣΤΗΡῙΩΝ.
1447 242 1555 292 255

109 365 313 434 ἐνδεῖξαι,
342 377 433 426 τοῖς
458 364 500 419 δὲ
524 367 589 437 μῆ
613 364 902 417 οἷναπλεῧσοιι
930 362 989 422 εἷς
1020 361 1374 426 Ἑλλήσποντον,
1401 358 1561 422 ἄλλοις

109 442 154 495 δ’
180 441 241 502 εἷς
265 441 446 494 Ἰωνίαν·
477 451 568 499 τοῖς
593 437 631 491 δ’
657 437 714 497 εἷς
740 437 816 500 τῆν
841 437 1011 512 οἷγοροὶν
1030 436 1093 506 μὴ
1113 436 1285 489 εἷσιὲναι
1312 433 1562 505 πρόσταξις

107 517 174 580 ἧν.
204 517 339 569 ταῦτ’
371 516 437 568 οῧν
472 512 766 581 ἐψηφίσασθε
807 509 1051 578 ἐξαλεῖψαι
1097 512 1263 563 πάντα
1304 511 1369 562 τοὶ
1416 508 1560 578 ψηφί-

109 616 296 662 σματα,
318 588 397 643 καὶ
417 588 543 640 αὕτοὶ
562 586 642 640 καὶ
670 584 713 639 εἶ’
732 586 825 639 πού
850 611 894 638 τι
920 583 1194 652 ἀντίγραφον
1210 584 1276 648 ἦν,
1295 587 1374 637 καὶ
1401 583 1560 638 πίστιν
1613 609 1615 611 ’

108 663 324 727 οἷλλῆλοις
347 662 453 732 περὶ
479 662 676 733 ὁμονοίας
701 659 840 713 δοῦναι
866 659 905 712 ἓν
930 658 1215 727 Ἀκροτῑὶ-όλει.
1244 658 1330 710 καί
1348 684 1422 730 μοι
1449 658 1560 711 οἶνοί-

108 742 239 807 ’γνωθι
265 740 318 792 τδ
337 736 553 809 ψήφισμα
575 736 629 789 τδ
650 732 1000 805 Πατροκλείδου,
1018 734 1119 786 καθ’
1141 731 1164 785 ὃ
1189 734 1344 786 ταῦτα
1368 735 1557 801 ἐγένετο.

692 890 978 930 ΨΗΦΙΣΜΑ.

206 978 454 1023 Πατροκλείδης
470 975 577 1011 εἶπεν·
604 977 740 1019 Ἐπειδὴ
758 977 963 1021 ἐψηφίσαντο
984 977 1162 1017 Ἀθηναῖοι
1184 979 1251 1018 τὴν
1269 976 1384 1009 ἄδειαν
1400 976 1474 1019 περὶ
1491 978 1559 1008 τῶν

248 1027 462 1069 ὀφειλόντων,
478 1027 555 1065 ὥςτε
574 1025 682 1069 λέγειν
705 1027 825 1062 ἐξεῖναι
841 1026 894 1057 καὶ
913 1024 1136 1067 ἐπιψηφίζειν,
1153 1024 1361 1067 ψηφίσασθαι
1377 1025 1439 1056 τὸν
1450 1023 1559 1065 δῆμον

248 1076 368 1111 ταῦτα,
385 1075 470 1116 ἅπερ
487 1073 539 1106 ’ότε
557 1069 601 1112 ἦν
624 1074 666 1104 τὰ
681 1071 825 1112 Μηδικὰ,
839 1072 893 1104 καὶ
910 1072 1117 1114 συνήνεγκεν
1133 1071 1325 1111 Ἀθηναίοις
1341 1071 1395 1102 ἐπὶ
1413 1071 1451 1102 τὸ
1466 1070 1559 1112 ἄμει-

248 1132 324 1152 νον.
342 1121 416 1163 περὶ
429 1119 462 1151 δὲ
475 1123 543 1152 ’τῶν
559 1119 853 1163 ἐπιγεγραμμένων
870 1118 915 1156 εἰς
931 1121 1008 1156 τοὺς
1024 1118 1214 1162 πράκτορας
1227 1119 1248 1158 ὴ
1265 1119 1344 1156 τοὺς
1359 1117 1481 1159 ταμίας
1495 1118 1559 1155 τῆς

251 1168 328 1199 θεοῦ
349 1168 402 1198 καὶ
424 1170 492 1198 τῶν
517 1167 634 1198 ἄλλων
655 1167 743 1198 θεῶν
760 1167 781 1205 ἦ
805 1167 867 1198 τὸν
889 1165 1045 1206 βασιλέα,
1065 1166 1086 1205 ὴ
1109 1165 1136 1197 εἳ
1159 1177 1209 1203 τις
1224 1167 1270 1208 μὴ
1289 1163 1447 1207 ἐξεγράφη
1462 1162 1560 1206 μέχρι
1575 1163 1626 1200 37

247 1216 312 1253 τῆς
327 1214 522 1252 ὲξελθόυσης
537 1213 668 1254 βουλῆς
684 1212 729 1255 ἐφ’
746 1209 787 1251 ἧς
804 1213 958 1250 Καλλίας
979 1208 1096 1254 ἦρχεν,
1111 1212 1181 1244 ὅσοι
1199 1213 1309 1255 ἄτιμοι
1330 1207 1420 1250 ἦσαν
1435 1211 1457 1249 ὴ
1475 1210 1560 1251 ὀφεί-

247 1260 378 1298 λοντες,
394 1261 448 1292 καὶ
465 1259 552 1292 ὅσων
569 1260 705 1292 εὐθῦναί
720 1258 808 1296 τινές
830 1259 889 1291 εἰσι
906 1257 1173 1302 κατεγνωσμέναι
1191 1259 1228 1290 ἐν
1244 1261 1314 1295 τοῖς
1336 1256 1559 1300 λογιστηρίοις

247 1306 316 1339 ὑπὸ
334 1309 403 1338 τῶν
416 1305 569 1338 εὐθύνων
586 1307 607 1345 ἢ
625 1310 693 1338 τῶν
710 1305 895 1348 παρέδρων,
914 1307 933 1345 ὴ
951 1305 1052 1348 μήπω
1069 1305 1261 1348 εἰσηγμέναι
1278 1305 1322 1342 εἰς
1343 1305 1382 1336 τὸ
1400 1303 1560 1342 δικαστὴ-

245 1364 319 1396 ριον
338 1354 461 1396 γραφαί
475 1351 564 1390 τινές
582 1353 643 1384 εἶσι
659 1354 732 1396 περὶ
749 1355 818 1384 τῶν
835 1353 1016 1393 Ῑεύθυνῶν,
1035 1353 1056 1391 ἣ
1075 1351 1283 1395 προστάξεις,
1300 1352 1321 1390 ὴ
1337 1350 1455 1393 ἐγγύαι
1472 1348 1560 1387 τινές

247 1399 309 1431 εἶσι
330 1399 600 1443 κατεγνωσμέναι
615 1399 660 1438 εἷς
676 1401 736 1432 τὸν
753 1399 860 1431 αὐτὸν
877 1402 1000 1431 τοῦτον
1017 1398 1155 1442 χρόνον·
1172 1399 1227 1430 καὶ
1245 1399 1307 1430 ὅσα
1323 1398 1474 1440 ὀνόματα
1491 1399 1561 1428 τῶν

245 1448 466 1489 τετρακοσίων
489 1447 580 1484 τινὸς
603 1445 841 1489 ἐγγέγραπται,
859 1446 880 1485 ὴ
901 1446 986 1477 ἄλλο
1007 1458 1039 1478 τι
1061 1446 1135 1487 περὶ
1161 1448 1230 1477 τῶν
1252 1446 1288 1477 ἐν
1313 1447 1355 1487 τῇ
1380 1443 1561 1486 ὀλιγαρχίᾳ

246 1492 470 1535 πραχθέντων
488 1493 559 1524 ἔστι
581 1505 646 1524 που
663 1491 904 1535 γεγραμμένον,
919 1493 1015 1531 πλὴν
1029 1492 1139 1524 ὁπόσα
1156 1492 1192 1524 ἐν
1215 1492 1356 1531 στήλαις
1373 1490 1561 1533 γέγραπται

244 1542 315 1571 τῶν
327 1541 378 1582 μὴ
396 1538 511 1571 ἐνθάδε
526 1539 726 1582 μεινάντων,
741 1540 760 1578 ἡ
777 1539 811 1574 ἐξ
826 1537 956 1582 Ἀρείου
973 1538 1085 1581 πάγου
1102 1539 1123 1577 ἣ
1148 1541 1216 1570 τῶν
1239 1539 1362 1580 ἐφετῶν
1380 1538 1400 1576 ἡ
1417 1537 1450 1569 ἐκ
1469 1540 1560 1579 Πρυ-

246 1587 384 1618 τανείου
398 1587 419 1626 ὴ
441 1587 615 1629 Δελφινίου
633 1584 798 1625 ἐδικάσθη,
812 1587 833 1625 ἡ
850 1586 919 1618 ὑπὸ
936 1588 1004 1617 τῶν
1016 1583 1197 1626 βασιλέων,
1216 1585 1236 1624 ἢ
1250 1584 1306 1616 ἐπὶ
1321 1583 1413 1626 φόνῳ
1430 1583 1480 1621 τίς
1492 1583 1561 1616 ἐστι

764 1655 774 1675 ¹
793 1654 911 1685 εὐθύνων

145 1723 249 1754 Ταῦτα.
264 1723 351 1765 ἄπες]
363 1724 499 1754 Subaudi
513 1722 678 1763 ἐψηφίσατο
693 1724 704 1753 ὃ
720 1723 816 1764 δῆμος.

101 1776 241 1806 quaenam
266 1772 367 1797 autem
390 1768 522 1806 populus
545 1771 608 1797 tum
634 1766 817 1801 decreverit,

102 1809 172 1849 ipse
194 1809 272 1840 dicit
294 1810 470 1840 Andocides
495 1811 570 1839 infra
593 1819 624 1848 p.
639 1811 692 1840 53.
714 1816 815 1848 antep.

104 1852 155 1881 ed.
169 1853 276 1892 Steph.
300 1854 417 1883 Rmsx.

146 1892 314 1936 Ἐξεγράφη]
337 1897 419 1934 Ergo
437 1894 585 1936 ἐκγςάφειν
600 1899 648 1925 est
659 1905 692 1925 ex
706 1896 818 1926 cerariis

105 1947 280 1979 expungere.
301 1939 407 1968 IDEM.

102 2023 119 2053 Ι
137 1979 245 2018 Ἦσαν,
259 1980 290 2022 ἢ]
309 1980 323 2012 ἢ
339 1986 370 2011 et
384 1991 501 2011 comma
517 1980 660 2011 videntur
675 1981 814 2011 delenda.

123 2033 209 2054 mm.

146 2065 351 2107 Λογιστ-ηρίοις]
379 2066 498 2096 Citatur
512 2066 562 2096 hio
577 2066 665 2096 locus
681 2067 718 2097 ab
735 2067 815 2097 Har-

103 2110 282 2148 pocratione
310 2115 343 2139 et
374 2109 471 2139 Suida
496 2120 526 2139 v.
555 2110 708 2148 Λογισταῖ,
738 2119 816 2149 qnos

103 2152 187 2182 vide.
211 2153 376 2183 Suu-ren.
471 2174 473 2177 .

146 2193 276 2234 Εὐθύνων]
300 2195 411 2229 Aldus,
436 2199 467 2224 et
489 2194 551 2230 hic,
579 2199 610 2224 et
628 2205 718 2224 versu
743 2205 815 2234 pro-

102 2237 187 2267 ximo
209 2242 292 2278 post,
314 2238 401 2267 dedit
419 2235 538 2267 εὐθυνῶν.
581 2238 617 2266 Iu
633 2237 734 2276 priore
748 2238 813 2276 qui-

102 2280 173 2310 dem
189 2281 269 2314 loco,
288 2281 316 2310 h.
332 2290 360 2310 e.
376 2281 433 2309 hoo
449 2290 540 2309 versu
557 2281 608 2311 15.
631 2280 734 2310 malim
755 2279 817 2319 legi

103 2322 164 2352 ὖιπό
178 2326 234 2354 τῶν
248 2322 394 2353 εὔθυνα-ῶν.
418 2323 536 2353 Rmsx.

147 2366 269 2407 Γραφιιὶ]
297 2365 401 2395 Malim
418 2364 433 2396 ἢ
449 2365 569 2404 γραφαὶ,
591 2369 625 2395 ut
651 2363 815 2405 εἰσηγμέναι

101 2408 209 2438 redeat
227 2411 264 2439 ad
280 2408 404 2438 εὐθῦναι.
421 2407 588 2447 [Admonui
603 2409 667 2446 jam
688 2409 815 2443 dudum,

102 2451 178 2480 mihi
190 2452 253 2491 leg.
268 2451 381 2487 videri,
394 2450 574 2490 &mo-‘rheam
584 2449 599 2482 ἢ
610 2451 718 2490 γραφαί
732 2461 815 2485 τινες.

103 2494 185 2533 quod
215 2496 241 2524 si
275 2494 456 2530 admittitur,
486 2493 566 2523 idem
596 2494 653 2523 erit
682 2494 814 2528 dictum,

103 2541 194 2576 atque
224 2536 249 2566 si
273 2537 416 2571 dixisset,
439 2536 453 2568 ἢ
477 2535 585 2566 ὁπόσων
606 2536 713 2576 γραφαί
735 2547 815 2570 τινες.

104 2580 157 2609 ubi
176 2578 284 2609 ὁπόσων
306 2590 323 2609 e
340 2580 508 2619 praemissis
535 2579 628 2608 tacite
649 2584 814 2618 repetetur.

102 2621 188 2652 Alias
201 2622 299 2661 possit
313 2622 375 2661 legi
391 2622 405 2653 ἢ
420 2622 528 2662 γξαφαὶ
541 2623 566 2652 εἴ
574 2632 654 2655 τινες.
686 2621 725 2651 In
742 2622 815 2652 Cur.

104 2664 217 2694 Poster.
233 2665 271 2694 ad
287 2665 416 2706 Audon]
433 2667 538 2695 lnam.

145 2705 236 2748 Τινός]
254 2707 425 2737 Delendum
441 2708 573 2737 videtur.
601 2707 705 2737 Imm.

144 2748 302 2790 Ἐφεσ-τῶν]
337 2750 418 2789 [aege
444 2748 559 2788 ἐφετῶν.
604 2751 682 2780 Nam
713 2748 815 2787 ἐφέται

103 2798 189 2822 eraut
205 2791 347 2827 Athenis,
359 2792 411 2831 qui
427 2792 465 2822 de
480 2793 616 2823 caedibus
626 2793 816 2831 judicabant,

102 2844 230 2864 numero
246 2835 455 2874 quadraginta.
478 2836 644 2866 Pinum.

145 2876 195 2912 Τίς
209 2876 274 2908 ἔστι
290 2876 379 2917 φυγὴ]
392 2877 474 2906 Num
489 2878 565 2907 τισὶν
579 2878 594 2909 ἢ
608 2877 695 2918 φυγή.
712 2888 740 2907 v.
758 2879 816 2908 Pe·

103 2919 152 2949 tit.
168 2920 235 2949 LL.
256 2922 320 2949 Att.
345 2930 374 2958 p.
389 2921 465 2950 469.
487 2920 541 2959 qui
563 2920 639 2950 satis
655 2922 759 2960 jejune
785 2924 816 2950 et

103 2962 310 3001 perfunctorie
338 2962 439 2993 locum
473 2963 551 2992 huno
578 2963 816 2999 memorabilem,

104 3014 164 3076 nRon
196 3009 319 3041 tractat,
360 3005 415 3035 sed
463 3005 585 3045 attingit
614 3006 816 3036 solummodo.

139 3057 226 3078 mex.

895 1719 945 1755 Τίς
960 1721 1025 1751 ἐστι
1041 1721 1130 1763 φυγὴ]
1143 1720 1175 1750 Si
1188 1719 1262 1760 quid
1278 1719 1455 1749 mutandum
1472 1722 1566 1754 esset,

852 1765 973 1795 mallem
997 1763 1069 1798 τινὲς
1091 1763 1105 1795 ἢ
1129 1763 1215 1803 φυγή.
1238 1781 1281 1785 -
1304 1764 1462 1801 Nusquam
1484 1761 1564 1791 enim

852 1809 978 1838 verbum
1015 1807 1237 1845 καταγινώσκειν
1273 1806 1378 1836 dativo
1413 1805 1563 1843 jungitur,

851 1861 973 1890 semper
989 1851 1137 1889 genitivo.
1174 1850 1235 1878 Sed
1252 1859 1309 1878 nou
1325 1858 1401 1888 opus
1413 1852 1461 1877 est
1476 1847 1564 1886 quid-

851 1904 939 1934 quam
955 1899 1083 1928 mutare,
1104 1892 1130 1922 si
1151 1902 1239 1922 unam
1253 1892 1429 1932 particulam
1445 1889 1459 1921 ἢ
1478 1890 1564 1920 dele-

853 1937 945 1972 veris,
965 1936 1048 1976 quod
1073 1935 1233 1966 verissime
1260 1935 1392 1973 conjecit
1415 1933 1564 1963 Luzacius

850 1981 916 2010 Vir.
932 1980 1014 2009 Clar.
1030 1979 1156 2017 legens:
1172 1977 1326 2008 Ἐδυιίισθη
1338 1976 1391 2007 ὑπὸ
1406 1978 1461 2006 τῶν
1477 1975 1565 2008 Βασι-

850 2021 930 2054 λέων.
974 2022 1085 2052 Omnia
1094 2021 1269 2052 Tribuualia
1280 2022 1376 2059 φονικὰ
1387 2029 1565 2049 enumeran-

850 2070 909 2101 tur,
924 2071 1036 2105 praeter
1052 2064 1188 2104 quintum
1204 2065 1234 2093 in
1250 2063 1405 2098 Phreatto,
1431 2062 1492 2097 cui,
1517 2066 1565 2091 ut-

850 2114 923 2148 pote
952 2119 1025 2148 erga
1052 2108 1177 2138 exsules
1200 2106 1377 2142 constituto,
1401 2106 1488 2135 locus
1511 2104 1564 2134 hic

850 2162 908 2181 non
922 2158 998 2181 erat.
1041 2151 1175 2189 Reliqua
1189 2154 1318 2188 quatuor
1330 2152 1415 2178 erant
1426 2148 1564 2186 Areopa·

851 2205 919 2234 gns,
941 2194 1086 2223 Tribuual
1107 2194 1139 2222 iu
1157 2192 1310 2226 Palladio,
1332 2191 1363 2220 iu
1386 2190 1563 2229 Delphinio,

850 2237 880 2266 in
896 2238 1061 2276 Prytaneo.
1108 2236 1188 2265 Nam
1212 2235 1234 2264 οἱ
1252 2232 1370 2273 ’Epio-as
1392 2233 1466 2262 dicti
1491 2237 1564 2262 suut

850 2280 964 2310 eximie
996 2279 1118 2317 judiees
1153 2278 1183 2307 iu
1219 2277 1359 2307 Palladio
1395 2276 1562 2314 sedentes3

851 2332 1031 2362 quamquam
1059 2321 1200 2351 universe
1226 2329 1332 2350 omnes
1357 2319 1388 2348 iu
1414 2318 1564 2354 Palladio,

850 2365 1027 2405 Delphinio,
1044 2369 1076 2394 et
1091 2365 1254 2403 Prytaneo,
1269 2362 1391 2402 judices
1408 2362 1492 2392 istud
1509 2363 1564 2391 τῶν

850 2407 970 2448 Ἐφετῶν
985 2408 1154 2437 habueruut
1166 2416 1287 2442 nomen,
1304 2405 1419 2445 quippe
1434 2405 1470 2434 ad
1488 2414 1564 2443 quos

850 2452 957 2492 γραφαὶ
977 2449 1110 2490 ἐφέσιμοι
1125 2450 1322 2483 referrentur,
1336 2449 1366 2478 id
1384 2453 1443 2483 est,
1464 2457 1564 2477 causae

848 2493 1087 2534 provocationis,
1114 2502 1222 2532 nempe
1245 2502 1262 2521 a
1286 2492 1374 2529 Rege
1397 2500 1563 2525 sacrorum,

848 2537 911 2576 qui,
927 2540 997 2576 post
1012 2536 1160 2575 ἀνάκρισιν,
1183 2534 1418 2574 appellationem
1433 2532 1563 2571 recipie-

848 2581 900 2610 bat
915 2586 945 2609 et
962 2577 1166 2617 τοὺς-Ἐφὲτας,
1184 2579 1250 2608 sive
1263 2577 1386 2617 judices
1403 2587 1443 2606 ex
1465 2577 1559 2604 Areo-

849 2633 927 2662 pago
941 2623 1038 2652 lectos
1051 2622 1234 2660 sortitosque
1246 2620 1473 2659 quinquaginta,
1489 2627 1563 2646 con-

849 2666 980 2695 vocabat
1002 2665 1068 2695 sive
1090 2665 1128 2695 ad
1146 2663 1327 2698 Palladium,
1351 2662 1418 2691 sive
1438 2660 1469 2689 in
1487 2660 1561 2689 Del-

848 2708 997 2747 phiuium,
1014 2708 1079 2737 sive
1098 2707 1128 2736 in
1147 2709 1341 2745 prytaneum,
1357 2714 1414 2743 pro
1435 2703 1560 2732 diverso

848 2751 984 2781 criminis
998 2760 1108 2789 genere
1119 2755 1149 2779 el
1165 2747 1349 2778 defensionis
1363 2747 1468 2775 forma.
1486 2745 1560 2783 Ipse

847 2795 884 2823 ad
902 2794 978 2824 istos
993 2792 1115 2832 Ἐφέτιις
1137 2792 1298 2824 referebat,
1320 2799 1423 2819 eorum
1446 2787 1561 2827 quippe

848 2846 984 2876 praeses;
999 2837 1080 2866 unde
1096 2839 1127 2864 et
1142 2833 1260 2872 Ἐφὲται
1274 2841 1397 2861 numero
1412 2831 1562 2870 quinqua-

849 2879 931 2918 ginta
947 2885 978 2909 et
993 2889 1070 2908 unus
1086 2877 1182 2907 fuisse
1197 2877 1345 2910 feruntur,
1367 2873 1510 2913 quinque,
1526 2877 1561 2903 ut

848 2922 994 2951 credibile
1017 2926 1074 2955 est,
1101 2930 1137 2949 ex
1162 2927 1340 2956 unaquaque.
1362 2916 1469 2951 Tribu‚
1492 2926 1560 2946 cum

851 2966 936 3003 Rege
952 2965 1123 2993 Sacrorum.
1167 2962 1276 2999 Itaque
1292 2969 1400 2989 sensus
1411 2960 1442 2989 h.
1458 2959 1479 2988 l.
1496 2964 1559 2989 est:

850 3007 984 3045 Exceptis
996 3015 1106 3040 eorum,
1120 3004 1170 3044 qui
1194 3005 1226 3033 in
1250 3009 1357 3033 terram
1378 3002 1564 3042 peregrinam

839 3049 1005 3090 fugerunt,
1020 3047 1194 3081 norninibus,
1207 3057 1269 3086 quae
1284 3046 1425 3076 columnis
1435 3050 1502 3075 sunt
1514 3046 1560 3075 in-
