1925 3272
460 207 810 252 ORATORUM
846 206 1228 250 GRAECORUM.
1521 219 1575 245 xv

115 324 392 364 Plutarchum:
423 322 687 376 προεχειρίσθη
708 323 796 362 ποτὲ
815 326 908 372 μετὰ
926 322 1162 370 Γλαύκωνος,
1196 324 1265 361 σὺν
1299 323 1430 360 ναυσὶν
1463 322 1577 359 εἴκοσι

118 387 360 436 Κερκυραίοις
391 385 608 434 βοηθήσων,
641 385 916 437 διαφερομένοις
947 386 1038 437 πρὸς
1067 385 1304 437 Κορινθίους.
1361 385 1407 422 Iu
1437 384 1496 421 his
1525 397 1580 421 se-

115 457 229 487 cutus
263 456 321 487 est
353 447 628 499 Thucydidem
659 448 690 485 l.
712 451 777 486 51.
810 461 856 485 ex
889 460 965 495 quo
996 454 1120 497 patet,
1152 447 1441 498 expeditionem
1475 446 1579 484 illam

115 516 334 560 susceptam
355 523 438 547 esse
460 509 622 559 Olymp.
639 509 868 546 LXXXVI.
891 513 927 546 1.
949 521 1036 546 cum
1059 509 1285 547 Andocides
1305 514 1437 559 ageret
1456 508 1581 545 aetatis

115 584 255 609 annum
277 574 342 608 33.
402 572 456 608 At
474 571 664 621 Taylorus
683 570 899 616 contendit,
922 571 1038 620 hujus
1058 570 1191 608 classis
1213 570 1416 621 imperium
1438 569 1580 608 frustra

113 632 163 670 ad
184 632 428 670 Andocidem
448 631 596 677 referri,
619 645 734 682 quem
764 632 912 669 nullam
945 645 1114 682 unquam
1142 631 1290 669 militiae
1318 638 1469 682 partem
1489 631 1580 669 atti-

113 693 216 743 gisse
248 693 354 732 dicat
393 694 526 746 Lysias
553 693 644 731 adv.
663 693 859 732 Andocid.
896 698 927 741 ξ.
950 691 984 731 ι’.
1021 692 1240 731 οὐδεπώποτ’
1271 694 1308 730 ἐκ
1337 702 1403 739 τῆς
1436 695 1581 736 πόλεως

113 754 400 804 ἐστρατεύσατο,
422 754 503 793 οὔτε
535 755 675 801 ἱππεὺς,
711 755 792 794 οὒτε
825 757 994 803 ὁπλίτης,
1023 757 1103 794 οὔτε
1131 761 1368 807 τριήραρχος,
1401 755 1472 794 οὔτ’
1502 757 1582 794 ἐπι·
1600 766 1679 802 134

112 814 249 863 βάν-ης.
307 816 385 854 Hic
408 817 502 855 mihi
521 830 599 855 non
619 817 710 867 alia,
731 817 802 855 nisi
833 818 933 864 haec,
955 824 1092 869 parata
1112 825 1170 856 est
1186 818 1389 868 responsio
1407 831 1416 855 t
1447 818 1582 856 Ando-

113 878 212 916 cidis
240 878 441 916 historiam
479 892 614 930 parum
647 880 845 930 cognitam
884 879 1002 918 fuisse
1037 879 1222 918 orationis
1261 880 1425 918 auctori.
1482 879 1583 924 Nam

115 940 286 979 Criticos
313 948 463 980 veteres
483 941 699 986 dubitasse,
732 955 780 979 an
813 943 940 993 Lysiae
963 943 1009 980 sit
1030 942 1170 987 oratio,
1194 942 1481 992 Harpocration
1507 954 1585 979 non

115 1016 191 1039 uno
213 1003 302 1040 loco
323 1003 507 1042 ostendit.
565 1003 618 1042 Et
646 1016 737 1041 vero
757 1003 830 1041 alia
851 1005 900 1041 de
920 1003 1127 1042 Andocide
1148 1004 1187 1041 in
1216 1003 1289 1042 hae
1317 1004 1506 1051 oratione,
1527 1003 1585 1041 di-

114 1070 270 1110 cuntur,
289 1078 377 1115 quae
398 1065 504 1102 nullo
528 1065 645 1102 modo
665 1065 766 1102 inter
787 1078 825 1101 se
845 1065 1059 1112 cohaerent,
1082 1078 1116 1103 v.
1137 1078 1174 1103 c.
1204 1069 1236 1112 ξ.
1254 1065 1296 1103 δ’.
1326 1065 1471 1103 dicitur
1491 1078 1587 1115 opes

113 1139 202 1165 suas
221 1126 422 1173 minuisse,
441 1133 480 1163 et
508 1127 608 1163 inter
628 1126 823 1163 delatores
844 1126 1035 1171 divisisse,
1057 1132 1194 1163 contra
1215 1129 1245 1173 ξ.
1265 1126 1299 1164 ι’.
1323 1132 1401 1163 tam
1423 1126 1586 1177 opulen-

114 1195 175 1226 tus
195 1200 291 1234 esse,
313 1194 355 1225 ut
388 1187 617 1238 reipublicae
638 1187 824 1238 inopiam,
857 1188 889 1225 si
923 1187 1122 1233 voluisset,
1154 1188 1356 1225 sublevare
1378 1189 1586 1238 potuisset.

113 1249 331 1291 Teneamus
349 1248 466 1300 igitur
480 1249 534 1295 id,
551 1248 659 1300 quod
677 1249 795 1287 etiam
816 1249 1002 1287 Dukerus
1020 1249 1068 1289 V.
1086 1250 1132 1288 C.
1149 1249 1198 1287 ad
1221 1249 1448 1300 Thucydid.
1466 1257 1586 1297 tenet,

116 1313 380 1361 Andocidem,
419 1319 628 1360 oratorem,
665 1313 781 1352 classi
819 1313 1041 1364 praefuisse.
1112 1315 1214 1351 Nam
1253 1314 1358 1364 quod
1395 1314 1587 1365 Taylorus

116 1375 365 1414 Andocidem
385 1388 497 1414 avum
518 1375 714 1426 intelligit,
738 1375 863 1414 miuus
895 1376 996 1413 bene
1029 1375 1270 1427 computavit
1299 1382 1489 1426 tempora,
1513 1389 1586 1413 nec

115 1438 249 1483 sensit,
267 1451 308 1476 se
321 1437 403 1475 seni
424 1439 675 1489 octogenario
696 1437 832 1476 classis
854 1436 1127 1488 praefecturam
1153 1437 1320 1476 deferre.
1340 1459 1392 1468 —-
1412 1437 1587 1476 Pseudo-

114 1499 351 1538 Plutarchus
380 1500 552 1551 quinque
586 1500 804 1538 Andocidis
837 1499 1031 1537 orationes
1062 1505 1251 1545 recenset,
1286 1503 1325 1537 1.
1346 1502 1428 1550 περὶ
1446 1516 1588 1550 μυστη-

111 1564 215 1612 ρίων.
259 1565 296 1599 2.
316 1563 397 1613 περὶ
412 1560 585 1600 καθόδου.
626 1566 664 1600 3.
683 1563 764 1612 περὶ
781 1561 980 1608 ἐνδείξεως.
1023 1564 1061 1598 4.
1080 1563 1298 1610 ἀπολογίαν
1318 1561 1410 1612 πρὸς
1424 1560 1588 1600 Φαίακα.

115 1626 154 1660 5.
187 1625 269 1673 περὶ
302 1631 368 1668 τῆς
404 1624 563 1673 εἰρήνης.
622 1622 800 1669 photius,
833 1629 972 1661 nactus
1011 1622 1089 1660 tale
1123 1622 1337 1660 Andocidis
1375 1623 1587 1673 exemplar,

121 1676 234 1734 quale
255 1697 358 1722 nuuc
379 1690 570 1735 superest,
591 1684 748 1722 deserto
775 1683 877 1722 duce
898 1696 982 1730 su0,
1012 1689 1182 1734 quatuor
1216 1689 1366 1722 tantum
1399 1691 1589 1731 recenset,

120 1751 160 1785 1.
179 1749 261 1798 περὶ
277 1751 501 1799 μυστηρίων.
544 1751 581 1786 2.
601 1749 684 1798 περὶ
703 1746 875 1786 καθόδου.
917 1750 955 1786 3.
976 1749 1058 1798 περὶ
1083 1749 1243 1796 εἶρὴνης.
1290 1752 1328 1784 4.
1349 1751 1445 1785 κατά
1463 1749 1590 1785 Ἀλκι-

119 1807 268 1856 βιάόου.
323 1810 378 1847 At
405 1809 596 1858 Taylorns
630 1809 772 1847 iterum
803 1809 944 1848 erroris
965 1815 1125 1847 accusat
1147 1808 1589 1854 Pseudo-Plutarchum,

120 1871 187 1922 qui
207 1871 423 1908 orationem
441 1873 522 1923 περὶ
541 1871 720 1918 ἐνδείξεως
741 1870 936 1909 diversam
955 1871 1094 1910 fecerit
1115 1872 1164 1909 ab
1185 1871 1250 1909 illa
1267 1873 1347 1923 περὶ
1364 1875 1590 1923 μυστηρίων.

121 1933 302 1970 Valesius
321 1945 480 1984 quoque
498 1933 547 1970 ad
565 1933 800 1983 Harpocrat.
831 1945 870 1983 p.
889 1936 955 1972 85.
978 1946 1091 1971 unam
1112 1933 1354 1984 eandemque
1373 1934 1589 1972 orationem

120 2007 203 2032 esse
225 1995 410 2045 putabat:
443 1995 511 2033 sed
543 2008 633 2032 mox
662 1993 843 2044 repudiat
871 1995 971 2033 hane
992 1995 1232 2045 opinionem.
1291 1995 1428 2034 Recte.
1485 1995 1589 2034 Nam

121 2056 218 2093 nihil
247 2056 425 2107 impedit,
444 2070 522 2107 quo
551 2056 675 2095 minus
705 2055 952 2102 Andocides,
983 2056 1136 2106 agitans
1165 2057 1357 2103 multos,a
1379 2057 1604 2108 multisque

121 2117 286 2155 vicissim
325 2118 507 2168 agitatus,
541 2119 674 2169 plures
706 2119 790 2169 περὶ
828 2127 895 2164 τῆς
931 2117 1116 2164 ἐνδείξεως
1153 2117 1353 2156 orationes
1389 2118 1588 2157 habuerit.

122 2178 161 2215 Si
192 2179 277 2229 quis
311 2193 402 2218 vero
429 2193 476 2218 ex
511 2193 571 2226 eo,
592 2179 696 2230 quod
733 2179 894 2218 Photius
913 2187 1079 2231 quatuor
1108 2185 1259 2217 tantum
1281 2179 1388 2229 legit,
1410 2179 1588 2227 totidem,

123 2252 195 2277 nec
214 2240 359 2290 plures,
394 2241 444 2279 ab
477 2240 683 2278 Andocide
713 2240 876 2290 scriptas
910 2247 1038 2292 putet,
1073 2240 1226 2292 egregie
1261 2239 1430 2279 fallatur.
1487 2242 1587 2281 Ora-

123 2303 271 2341 tionnm
316 2303 560 2341 deliberativi
608 2302 761 2353 generis
798 2316 874 2340 non
921 2303 996 2342 nisi
1041 2301 1117 2341 una
1164 2305 1244 2354 περὶ
1291 2306 1436 2356 εἰρήνης
1482 2318 1588 2343 nunc

123 2372 326 2416 superest;
372 2364 484 2415 cujus
520 2366 747 2414 γνησιότητα
801 2365 952 2402 tametsi
998 2364 1086 2402 olim
1138 2364 1350 2416 Dionysius
1400 2372 1440 2404 et
1489 2365 1587 2403 Har-

121 2427 340 2476 pocration,
372 2433 506 2465 nostra
534 2433 650 2464 aetate
683 2426 875 2478 Taylorus
896 2427 920 2464 l.
942 2440 977 2464 c.
994 2432 1032 2464 et
1053 2425 1311 2465 Marklandus
1331 2426 1380 2464 ad
1414 2427 1586 2466 AEschin.
1605 2440 1684 2475 135
1720 2474 1729 2477 β

124 2488 173 2526 de
211 2489 294 2527 fals.
335 2489 409 2539 leg.
449 2492 479 2537 ΕΞ.
513 2488 576 2527 νδ.
613 2488 651 2526 in
686 2488 847 2526 dubium
888 2494 1090 2534 vocarunt,
1135 2495 1261 2526 tamen
1305 2488 1587 2527 vetustissimus

125 2550 416 2588 Grammaticus
462 2551 562 2588 libro
602 2551 661 2588 De
693 2550 925 2600 scriptorum
957 2550 1084 2595 furtis,
1127 2563 1244 2601 quem
1277 2550 1459 2589 Clemens
1492 2550 1588 2588 Ale-

125 2612 352 2661 xandrinus,
374 2611 470 2649 nihil
491 2611 655 2649 similem
681 2611 773 2650 furti
792 2612 987 2650 actionem
1008 2612 1167 2658 veritus,
1193 2611 1420 2663 compilavit
1445 2613 1586 2650 Strom.

125 2671 195 2709 VI.
217 2686 256 2724 p.
277 2677 368 2714 747.
390 2673 507 2718 illam,
536 2680 578 2711 ut
608 2673 841 2720 Andocidis3
872 2673 1028 2723 agnovit
1053 2679 1093 2711 et
1119 2672 1304 2711 laudavit.
1364 2675 1418 2710 At
1441 2679 1590 2710 veteres

126 2732 382 2772 Grammatici
411 2735 539 2784 plures
563 2734 680 2783 hujus
699 2735 852 2784 generis
880 2733 1052 2773 laudant.
1110 2734 1402 2772 Grammaticus
1424 2734 1589 2783 Sanger-

128 2795 318 2832 suanensis
339 2796 423 2834 MS.
456 2798 637 2846 Εὺωχεῖν,
657 2797 741 2834 ἀντὶ
774 2800 836 2834 τοῦ
853 2797 1085 2848 εὐωχεῖσθαι.
1118 2795 1338 2842 Ἀνδοκίδης
1359 2793 1590 2846 συμβουλευ-

125 2861 250 2898 τικοῖς.
308 2856 467 2894 Photius
500 2857 592 2895 Lex.
621 2857 706 2895 MS.
737 2857 998 2908 Ναυκρατίαν.
1025 2857 1242 2903 Ἀνδοκίδης
1277 2855 1589 2908 συμβούλευτικῷ.

126 2917 279 2956 Neutra
313 2930 385 2956 vox
418 2918 454 2956 in
488 2919 560 2957 Or.
592 2919 641 2957 de
677 2919 778 2957 Pace
814 2919 1016 2970 reperitur.
1075 2918 1306 2958 Plutarchus
1335 2918 1589 2957 Themistocl.

126 2992 165 3030 p.
186 2983 278 3020 128.
301 2979 347 3018 C.
371 2979 502 3018 laudat
522 2980 770 3019 Andocidem
791 2981 830 3019 ἐν
851 2984 898 3032 τῷ
919 2981 1011 3032 πρὸς
1033 2981 1117 3023 τοὺς
1138 2979 1320 3031 ἑταίρους.
1343 2979 1412 3018 nisi
1433 2979 1485 3018 ibi
1510 2979 1590 3030 epi·
