1878 3272
278 221 361 262 DE
392 217 784 263 ANTIPHONTE
815 216 991 260 ORAT.
1024 209 1256 256 ATTICO.
1467 209 1493 250 9

49 327 234 378 suscepit,
255 335 294 366 et
309 340 445 378 magna
460 340 546 366 cum
568 324 681 363 laude
702 323 894 363 sustinuit.
942 320 1199 367 Quinctilian.
1217 315 1347 356 111.1.
1365 320 1375 337 ‘
1392 314 1497 354 hunc

47 390 214 428 omnium
236 390 400 441 primum
427 390 638 428 orationem
660 385 870 437 scripsisse’
889 384 995 423 dicit.
1054 382 1171 428 Quod
1196 381 1291 419 Ger.
1322 378 1378 416 10.
1400 377 1500 414 Vos-

51 450 128 489 sius
149 451 198 489 de
222 452 386 490 Rhetor.
407 456 486 489 nat.
507 456 547 489 et
566 455 690 487 const.
721 461 760 499 p.
783 451 873 486 335.
903 447 1002 484 bene
1022 444 1217 495 restringit
1236 441 1284 481 ad
1307 439 1501 478 orationes

52 510 238 561 forenses,
275 519 486 564 propterea
519 511 624 562 quod
661 509 830 560 Gorgias
865 515 953 546 ante
987 507 1270 557 Antiphontem
1307 501 1502 540 orationes

52 575 218 625 scripsit.
273 574 324 612 Et
343 574 417 612 hoc
438 573 553 613 modo
574 571 828 617 Quinctiliani
855 570 973 608 verba
993 567 1220 618 accipienda
1241 578 1338 610 esse,
1357 576 1403 602 ex
1420 561 1504 599 aliis

53 635 307 686 scriptoribus
335 641 502 674 constat.
560 633 757 674 Diodorus
784 631 888 684 apud
911 631 1102 670 Clement.
1124 628 1336 668 Alexandr.
1360 626 1505 663 Strom.

56 695 87 736 Ῑ.
102 709 142 748 p.
151 702 242 737 365.
263 701 408 749 πρῶτον
428 697 612 736 δικανικὸν
630 697 750 744 λόγον
769 697 819 738 εἰς
837 693 981 732 ἔκδοσιν
998 691 1246 744 γραψάμενον
1261 690 1507 740 Ἀντιφῶντα.

57 757 238 798 Photius:
269 760 442 805 συντάξαι
463 758 498 797 δὲ
519 759 631 797 αὑτὸν
649 759 708 795 καὶ
726 758 873 809 πρῶτόν
891 764 983 807 φασι
1003 753 1087 798 τοὺς
1107 753 1147 791 ἐν
1166 757 1243 795 τοῖς
1264 750 1510 800 δικαστηρίοις

57 820 325 869 ‹imum-moise
343 823 498 870 λόγους.
514 829 585 860 τῶν
606 823 679 873 γὰρ
697 820 767 871 πρὸ
788 821 900 858 αὑτοῦ
920 818 1037 861 οὐδεὶς
1057 819 1228 870 φαίνεται
1248 814 1365 856 καθεὶς
1382 811 1512 850 ἑαυτὸν

59 883 110 925 εἰς
135 887 265 921 τοῦτον
293 884 358 922 τὸν
387 886 534 933 ἀγῶνα,
558 883 630 921 οὔδ’
659 882 736 921 ἐστὶ
765 880 903 927 λαβεῖν
935 880 1117 918 δικανικὸν
1146 879 1267 926 λόγον
1296 882 1368 915 τῶν
1385 874 1513 912 Ἀντι·

59 950 173 994 φῶντι
205 947 382 996 πρότερον
413 948 698 997 γεγραμμένων.
755 943 904 983 Similia
938 942 1056 980 habet
1086 935 1513 978 Pseudo-Plutarchus.

62 1005 266 1056 Antiphon
294 1007 411 1056 igitur
440 1006 578 1045 merito
608 1019 677 1044 suo
707 1005 757 1043 ab
791 1005 1033 1054 Hermogene
1070 1003 1119 1040 de
1150 1002 1280 1039 Form.
1315 999 1427 1036 Orat.
1459 996 1514 1035 11.

64 1078 107 1116 p.
128 1071 221 1106 498.
252 1068 473 1118 appellatur
504 1070 649 1119 εὑρετὴς
683 1069 742 1104 καὶ
777 1066 946 1118 ἀρχηγὸς
979 1070 1041 1103 τοῦ
1077 1065 1190 1102 τύπου
1223 1068 1287 1101 τοῦ
1312 1062 1516 1098 πολιτικοῦ.

67 1127 233 1167 Omnem
254 1143 345 1167 vero
365 1129 629 1180 eloquentiam
659 1141 764 1166 suam
789 1126 993 1178 Antiphon
1015 1125 1160 1163 dicavit
1180 1123 1345 1168 civibus,
1366 1120 1433 1171 qui
1453 1125 1521 1158 aut

65 1188 160 1227 alios
179 1203 378 1236 accusare,
400 1196 467 1229 aut
486 1190 709 1240 semetipsos
737 1189 947 1228 defendere
977 1192 1167 1239 pararent.
1225 1184 1278 1223 Hi
1308 1182 1517 1226 orationes,

68 1262 164 1300 quas
184 1252 234 1290 ab
255 1251 495 1302 Antiphonte
515 1251 771 1302 accepissent,
791 1250 1032 1295 ediscebant,
1050 1254 1089 1286 et
1108 1248 1147 1285 in
1170 1245 1325 1297 judicio
1346 1243 1407 1281 vel
1427 1255 1521 1281 con-

70 1311 180 1350 cione
208 1325 279 1351 suo
307 1313 460 1352 nomine
479 1314 713 1351 recitabant.
771 1313 899 1351 Semel
930 1317 1080 1350 tantum
1111 1322 1179 1360 pro
1199 1321 1240 1346 se
1261 1307 1346 1358 ipso
1365 1304 1525 1356 publice

73 1372 184 1422 dixit,
204 1380 310 1414 tanta
332 1375 368 1412 vi
394 1375 642 1426 eloquentiae,
663 1381 707 1413 ut
740 1388 853 1413 nemo
884 1386 1052 1424 unquam
1081 1371 1220 1410 melius
1241 1381 1395 1407 causam
1417 1378 1523 1404 suam

74 1447 200 1474 orasse
231 1436 396 1476 dicatur.
453 1437 641 1488 Egregius
669 1443 728 1475 est
755 1437 866 1474 locus
887 1433 1130 1486 Thucydidis
1149 1431 1264 1469 VIII.
1285 1443 1322 1481 p.
1344 1432 1436 1467 545.
1467 1429 1527 1465 καὶ

75 1499 113 1542 ἔς
131 1498 199 1550 μὲν
216 1498 331 1550 δῆμον
350 1502 391 1537 οὒ
410 1502 563 1551 παριὼν,
591 1498 664 1537 οὔδ’
695 1502 749 1542 εἷς
780 1500 901 1536 ἄλλον
928 1499 1060 1546 ἀγῶνα
1088 1494 1252 1536 ἓκοῦσιος
1279 1491 1424 1536 οὒδὲνα,
1445 1489 1531 1527 ἀλλ’

76 1561 244 1604 ὑπόπτως
262 1564 309 1613 τῷ
328 1560 466 1606 πλήθει
486 1561 544 1599 διὰ
565 1560 673 1607 δόξαν
695 1560 898 1606 δεινότητος
918 1559 1161 1610 διακείμενος,
1181 1554 1266 1597 τοῦς
1286 1556 1413 1605 μέντοι
1429 1553 1530 1600 ἀγω-

81 1623 307 1673 νιζομέτνους,
329 1625 387 1660 καὶ
405 1624 444 1661 ἐν
467 1622 698 1674 δικαστηρίῳ,
724 1623 783 1659 καὶ
812 1622 851 1659 ἐν
881 1620 981 1672 δήμῳ
1009 1624 1183 1663 πλεῖστα,
1211 1615 1263 1659 εἷς
1292 1617 1399 1666 ἀνὴρ,
1428 1613 1532 1655 ὅστις

77 1681 392 1733 ξυμβουλεύσαιτό
411 1701 458 1730 τι,
479 1683 683 1735 δυνάμενος
702 1685 869 1735 ὠφελεῖν·
887 1683 946 1718 καὶ
972 1682 1082 1724 αὺτός
1101 1696 1154 1724 τε,
1176 1677 1296 1723 ἐπειδὴ
1317 1678 1362 1714 τὰ
1381 1678 1455 1714 τῶν
1476 1689 1533 1712 τε·

81 1747 282 1796 τρακοσίων
301 1741 342 1785 ἄν
361 1746 496 1796 ὑστέρῳ
515 1745 776 1795 μεταπεσόντα
793 1743 865 1781 ὑπὸ
886 1750 950 1780 τοῦ
970 1742 1082 1793 δῆμου
1102 1741 1284 1785 ἐκακοῦτο,
1301 1739 1441 1789 ἄριστα,
1453 1736 1538 1787 φαί-

82 1820 183 1843 νεται
213 1808 285 1844 τῶν
309 1808 443 1857 μέχρις
473 1807 562 1857 ἐμοῦ
589 1805 678 1856 ὑπὲρ
705 1807 827 1843 αὐτῶν
854 1807 990 1842 τούτων
1018 1805 1157 1846 αἰτίας,
1179 1804 1227 1843 ὡς
1251 1800 1534 1848 ξυγκατέστησε,

81 1867 241 1906 θανάτου
260 1867 362 1914 δίκην
381 1867 731 1917 ἀπολογησάμενος.
785 1866 930 1904 Ultima
946 1862 1189 1914 Thucydidis
1219 1861 1338 1899 verba
1367 1859 1538 1910 respexit

84 1928 224 1967 Cicero
244 1929 364 1968 Bruto
385 1943 420 1967 c.
437 1933 501 1967 12.
539 1935 548 1949 ‘
567 1941 644 1978 qno
673 1927 951 1978 (Antiphonte)
979 1927 1170 1964 neminem
1201 1935 1372 1973 unquam
1402 1920 1539 1960 melius

84 1991 199 2029 ullam
219 1992 387 2030 oravisse
409 1991 548 2042 capitis
564 2005 735 2036 causam,
755 2004 842 2028 cum
861 2004 900 2028 se
921 1992 1005 2040 ipse
1024 1988 1267 2032 defenderet,
1284 2000 1325 2024 se
1340 1984 1538 2031 audiente,

85 2052 259 2104 locuples
289 2058 426 2091 auctor
454 2053 607 2103 scripsit
637 2050 918 2103 Thucydides.’
975 2051 1122 2088 Primus
1154 2061 1245 2086 vero
1265 2047 1468 2097 Antiphon
1489 2046 1539 2083 ab

88 2114 147 2159 iis,
170 2115 311 2165 quibus
333 2114 523 2152 orationes
537 2113 767 2164 scripsisset,
783 2112 1000 2151 mercedem
1021 2111 1162 2161 exegit.
1222 2109 1419 2147 Diodorus
1435 2106 1538 2158 apud

91 2175 215 2214 Clem.
236 2176 349 2214 Alex.
372 2176 515 2214 Strom.
531 2175 563 2213 l.
584 2188 625 2226 p.
647 2178 738 2213 365.
769 2175 828 2211 καὶ
859 2173 997 2225 μισθοῦ
1030 2181 1283 2221 συνηγορῆσαι
1315 2177 1462 2222 πρῶτον
1490 2168 1542 2206 δι-

91 2237 241 2275 κανικὸν
272 2239 391 2286 λόγον
422 2243 498 2274 etc.
529 2236 721 2274 Ammian.
760 2236 941 2274 Marcell.
973 2235 1106 2272 XXX.
1127 2238 1165 2271 4.
1218 2237 1228 2254 ‘
1247 2232 1450 2282 Antiphon
1478 2230 1542 2268 ille

93 2298 370 2344 Rhamnusius‚
393 2311 506 2349 quem
537 2298 589 2334 ob
618 2296 818 2334 defensum
849 2297 1045 2346 negotium
1067 2295 1237 2333 omnium
1260 2294 1425 2344 primum
1447 2292 1546 2330 anti-

95 2359 222 2410 quitas
238 2359 416 2410 prodidit
430 2359 624 2410 accepisse
647 2357 890 2396 mercedem!
945 2358 1044 2401 Quae
1063 2370 1138 2402 res,
1159 2369 1246 2394 cum
1268 2355 1345 2393 illis
1365 2353 1546 2404 tempori·

96 2422 169 2460 bus
198 2433 333 2472 parum
365 2421 535 2458 liberalis
564 2420 731 2458 hominis
764 2432 847 2457 esse
880 2419 1088 2464 videretur,
1114 2416 1348 2468 Antiphonti
1377 2415 1548 2453 avaritiae

97 2481 292 2521 infamiam
323 2482 529 2520 contraxit.
586 2482 737 2519 Comici
768 2482 805 2519 in
836 2481 982 2531 primis,
1005 2493 1171 2530 quorum
1194 2486 1274 2516 turn
1295 2490 1442 2516 summa
1466 2483 1549 2515 erat

98 2545 268 2591 licentia,
289 2544 378 2582 hinc
397 2543 482 2593 ejus
501 2542 812 2594 reprehendendi
835 2555 964 2581 ansam
985 2541 1244 2592 arripuerunt.
1291 2539 1550 2578 Philostratus

100 2609 254 2656 p..499.
275 2605 505 2644 καθάπτεται
526 2606 554 2643 δ’
574 2608 595 2651 ἡ
616 2605 785 2657 κωμῳδία
806 2609 869 2642 τοῦ
888 2605 1153 2655 Ἀντιφῶντος,
1172 2606 1221 2645 ὡς
1250 2602 1368 2640 δεινοῦ
1388 2604 1434 2639 τά
1455 2600 1554 2638 δικα·

86 2669 202 2712 racd,
223 2669 281 2705 καὶ
301 2670 439 2716 λόγους
459 2672 554 2706 κατά
575 2673 638 2706 τοῦ
659 2666 798 2704 δικαίου
822 2667 1081 2715 ξυγκειμένους
1108 2663 1373 2715 ἀποδιδομένου
1401 2664 1554 2699 πολλῶν

105 2728 319 2779 χρημάτων,
343 2731 469 2773 αὐτοῖς
498 2729 664 2781 μάλιστα
685 2734 762 2772 τοῖς
782 2727 1040 2766 κινδυνεύουσι.
1097 2726 1311 2769 Platonem,
1332 2722 1470 2761 veteris
1491 2735 1556 2760 co-

108 2789 261 2828 moediae
294 2796 461 2840 poetam,
498 2791 572 2829 hoc
606 2789 760 2829 nomine
794 2788 1076 2839 Antiphontem
1113 2786 1398 2839 perstrinxisse,
1437 2783 1555 2822 docet

108 2850 538 2890 Pseudo-Plutarchus:
569 2851 819 2903 κεκωμῴδηται
840 2850 876 2888 δὲ
895 2853 950 2893 εἷς
977 2851 1229 2902 φιλαργυρίαν
1259 2846 1329 2884 ὑπὸ
1351 2845 1558 2887 Πλάτωνος

109 2914 151 2950 ἐν
179 2912 405 2964 Πεισάνδρῳ.
463 2914 528 2952 Sic
557 2913 656 2953 enim
682 2927 702 2951 e
723 2913 866 2951 Photio
895 2912 1098 2962 legendum
1128 2923 1200 2961 pro
1231 2909 1299 2947 σὺν
1327 2907 1557 2960 Πεισάνδρῳ,

110 2974 286 3024 quamvis
307 2980 442 3012 contra
461 2975 626 3013 Photius
648 2989 668 3013 e
688 2973 898 3012 Plutarcho
915 2972 1181 3011 emendandus
1202 2970 1380 3008 videatur
1399 2969 1559 3007 Oleario

824 3045 847 3071 c
