1816 3272
404 230 737 281 LECTIONES
770 229 1169 274 ANDOCIDEAE.
1438 231 1513 272 187

60 340 215 379 navium
234 340 391 391 praefuit
419 354 509 379 cum
529 340 734 378 Glaucone
753 338 889 390 Leagri
909 340 950 377 F.
973 353 1007 377 v.
1029 338 1208 390 Thucyd.
1228 338 1255 376 1.
1278 338 1309 376 1.
1335 350 1369 375 c.
1390 341 1454 375 51.
1474 344 1513 375 et

60 401 468 441 Pseudo-Plutarchus
484 404 524 439 in
544 400 746 438 Andocide
764 412 772 434 ε
794 401 858 448 qui
874 400 1030 438 Glauco
1047 400 1150 438 haud
1168 399 1250 438 scio
1265 412 1313 437 an
1329 398 1429 436 idem
1451 399 1513 445 sit,

59 463 172 513 cujus
196 465 339 502 mentio
366 470 425 502 est
452 462 555 514 apud
586 462 829 500 Andocidem
859 461 908 499 de
932 463 1054 513 Myst.
1084 475 1123 512 p.
1150 466 1214 501 16.
1235 475 1271 499 ν.
1301 464 1368 499 35.
1395 467 1512 508 atque

58 533 171 576 pater
189 528 340 577 Leagri,
361 527 408 565 de
425 538 503 574 quo
523 524 617 563 ibid.
633 537 673 575 p.
691 529 755 562 15.
778 537 858 572 seq.
880 523 973 574 agit.
1029 523 1273 561 Andocidem
1294 523 1513 567 Oratorem,

59 600 136 625 non
157 600 270 626 avum
288 587 401 634 illius,
422 587 534 625 classi
554 585 770 637 praefuisse,
793 585 977 636 praeclare
999 590 1134 622 contra
1154 585 1364 635 Taylorum
1385 590 1513 622 osten-

60 649 119 687 dit
139 649 395 688 Rulmkenius
423 649 446 687 l.
467 662 504 687 c.

115 711 255 761 Neque
275 716 402 749 tamen
422 711 476 748 ita
496 710 597 748 bello
617 710 807 758 inclaruit,
827 716 870 749 ut
888 710 1004 749 rebus
1027 709 1133 748 domi
1153 716 1191 748 et
1212 710 1251 747 in
1271 721 1368 759 pace
1389 708 1507 759 gestis

60 777 121 810 est
139 772 377 810 nobilitatus.
434 773 534 810 Nam
556 786 632 810 non
654 773 733 819 diu,
753 780 796 811 ut
815 773 983 819 videtur,
1017 778 1108 823 post
1127 772 1350 823 depositum
1380 771 1512 808 classis

60 832 260 884 imperium
280 833 429 884 l-egatus
448 835 590 873 multas
611 835 786 884 regiones
808 834 920 880 obiit,
954 835 993 873 in
1021 847 1144 885 eaque
1165 833 1356 884 legatione
1377 832 1511 883 patriae

58 894 285 945 civibusque
306 895 382 934 suis
403 909 540 946 magno
561 896 634 934 fuit
654 896 754 943 usui,
775 903 817 935 ut
836 896 996 947 quidem
1017 895 1102 946 ipse
1121 895 1310 946 praedicat
1331 895 1401 932 Or.
1419 907 1512 931 con-

61 961 120 994 tra
140 956 270 995 Alcib.
290 970 332 1008 p.
353 961 417 994 34.
438 957 475 995 in
497 957 594 995 fine:
628 958 821 1009 Βούλομαι
847 957 875 995 δ’
899 959 996 1009 ὑμᾶς
1017 959 1236 1008 ἀναμνῆσαι
1261 963 1332 994 τῶν
1352 956 1431 1007 ἐμοὶ
1451 972 1514 992 πε-

57 1022 301 1070 πραγμένων·
321 1020 396 1067 ἐγὼ
425 1018 661 1071 πρεσβεύσας
690 1022 742 1062 εἰς
763 1020 975 1058 Θετταλίαν
1001 1021 1060 1056 καὶ
1089 1018 1344 1062 Μακεδονίαν,
1373 1019 1431 1055 καὶ
1463 1020 1517 1059 εἰς

57 1079 286 1120 Ε’Ῑολοσσίαν
317 1082 375 1118 καὶ
405 1082 458 1124 εἷς
487 1084 761 1131 Θεσπρωτείαν,
782 1083 841 1118 καὶ
867 1083 919 1124 εἷς
942 1081 1123 1127 Ἰταλίαν,
1153 1082 1212 1118 καὶ
1244 1082 1295 1123 εἷς
1326 1079 1515 1123 Σικελίαν,

60 1141 147 1184 τοὺς
173 1141 242 1193 μὲν
265 1142 460 1194 διαφόρους
480 1143 594 1186 ὄντας
616 1142 808 1190 διήλλαξα,
829 1145 914 1186 τούς
941 1142 969 1181 δ’
988 1142 1212 1190 ἐπιτηδείους
1231 1143 1402 1188 ἐποίησα,
1433 1139 1517 1183 τοῦς

59 1202 98 1241 δὲ
116 1203 189 1241 ἀπὸ
208 1210 281 1242 τῶν
300 1204 443 1255 ἐχθρῶν
463 1206 671 1251 ἀπέστησα.
730 1204 828 1248 Quis
846 1218 942 1243 vero
957 1204 1064 1243 dicat
1084 1218 1131 1242 ex
1150 1204 1226 1242 hoc
1247 1203 1332 1254 ipso
1352 1203 1441 1240 loco
1461 1203 1516 1240 Io.

58 1265 281 1316 Taylorum,
303 1266 424 1304 virum
441 1266 762 1316 eruditissimum,
782 1266 899 1317 hujus
918 1266 1114 1305 Orationis
1134 1267 1367 1314 γνησιότητα
1389 1277 1517 1314 oppu-

59 1339 212 1377 gnasse,
238 1333 278 1366 et
304 1327 379 1365 hoc
399 1340 510 1366 usum
539 1333 766 1378 argumento
793 1334 836 1366 ut
868 1328 1025 1367 Phaeaci
1044 1340 1128 1366 eam
1148 1326 1373 1372 vindicaret,
1408 1324 1517 1376 quod

17 1397 20 1401 ’
59 1388 122 1427 hic
135 1389 243 1427 locus
262 1401 420 1439 prorsus
441 1390 571 1428 obstet
592 1390 721 1441 Lysiae
740 1390 790 1428 de
813 1390 879 1427 illo
901 1390 1134 1435 testimonio,
1154 1389 1222 1439 qui
1240 1402 1275 1426 c.
1297 1386 1454 1426 Andoc.
1477 1399 1515 1436 p.

58 1464 100 1502 p.
113 1455 205 1490 103.
219 1465 255 1489 v.
272 1456 338 1490 38.
355 1451 473 1490 dicit:
493 1452 653 1490 ”Evam
673 1451 709 1489 δὲ
725 1453 785 1489 καὶ
803 1451 980 1504 διώχληκε
993 1454 1120 1495 πόλεις
1138 1454 1287 1493 πολλοῖς
1303 1450 1343 1487 ε’ν
1360 1452 1403 1503 τῇ
1423 1451 1518 1486 α’πο-

57 1513 183 1565 δημίᾳ,
203 1513 391 1559 Σικελίαν,
411 1514 592 1562 Ἰταλίαν,
620 1513 927 1561 Πελοπόννησον,
961 1517 1186 1559 Θετταλίαν,
1214 1513 1513 1557 Ἑλλήσποντον,

58 1575 218 1621 Ἰωνίαν,
238 1575 404 1627 Κύπρον·
434 1574 620 1623 βασιλέας
652 1578 818 1619 πολλοὺς
846 1577 1114 1622 κεκολάκευκεν,
1143 1573 1172 1627 ᾧ
1197 1575 1245 1612 ἂν
1275 1577 1518 1622 συγγένηται,

60 1639 161 1683 πλὴν
180 1642 243 1675 τοῦ
261 1636 511 1689 Συρακουσίου
537 1638 746 1685 Διονυσίου,
767 1653 798 1678 κ,
820 1655 852 1675 τ.
869 1641 907 1676 λ.
962 1638 1066 1675 Huic
1087 1637 1143 1674 his
1172 1636 1299 1675 verbis
1316 1635 1466 1673 obviam
1490 1633 1520 1671 it

39 1734 41 1737 .
63 1698 318 1737 Ruhnkenius
340 1698 378 1737 d.
400 1699 425 1736 l.
463 1702 487 1720 “
509 1698 664 1737 Tardus
685 1699 733 1737 sit
752 1705 922 1751 oportet,
942 1700 1010 1750 qui
1028 1712 1106 1737 non
1135 1699 1268 1736 videat
1289 1697 1454 1748 Lysiam,
1475 1700 1519 1733 ut

61 1767 340 1807 accusatorem,
362 1773 475 1811 quam
507 1760 712 1812 πρεσβείαν
740 1761 870 1800 dicere
890 1761 1074 1808 debebat,
1096 1760 1286 1799 invidiose
1304 1758 1518 1809 ἀποδημίαν

63 1821 208 1860 dicere.
265 1822 382 1866 Quod
404 1829 530 1860 autem
562 1822 611 1860 ad
642 1823 843 1861 Phaeacem
863 1824 1013 1870 attinet,
1048 1836 1126 1860 non
1145 1822 1210 1860 ille
1240 1821 1389 1872 legatus
1421 1818 1520 1857 obiit

61 1884 319 1930 Thessaliam,
342 1883 630 1931 Macedoniam,
651 1884 892 1930 Molossiam,
909 1883 1197 1935 Thesprotiam‚
1215 1882 1282 1920 sed
1303 1882 1422 1919 solam
1440 1881 1518 1918 Ita-

63 1944 152 1982 liam
181 1950 220 1982 et
250 1943 430 1990 Siciliam,
454 1949 573 1994 atque
607 1944 709 1992 inde,
731 1945 962 1997 Thucydide
984 1950 1096 1991 teste,
1131 1944 1288 1982 domum
1318 1941 1520 1980 revertit.'’

64 2007 118 2044 At
137 2006 254 2044 miror
272 2006 441 2044 virorum
463 2006 797 2056 sagacissimorum
824 2013 1004 2044 neutrum
1024 2005 1356 2050 animadvertisse,
1376 2017 1453 2042 non
1470 2003 1519 2041 de

64 2067 198 2106 eadem
221 2081 260 2105 re
280 2067 390 2109 looui
411 2067 582 2118 Lysiam,
604 2067 681 2105 sive
708 2068 1051 2119 Pseudo-Lysiam,
1076 2068 1125 2105 de
1158 2080 1235 2117 qua
1259 2067 1357 2104 dicit
1383 2065 1518 2103 Ando-

65 2129 199 2173 cides;
230 2143 307 2167 non
326 2131 426 2167 enim
446 2129 508 2166 ille
537 2131 620 2179 agit
650 2129 699 2167 de
723 2129 916 2179 legatione
937 2129 1171 2176 Andocidis,
1192 2129 1260 2167 sed
1281 2129 1329 2166 de
1348 2127 1518 2183 peregri-

66 2192 223 2228 natione
243 2190 326 2239 ejus
346 2197 436 2240 post
456 2190 599 2240 piaculi
619 2203 710 2240 erga
730 2190 908 2237 Hermas,
931 2191 1007 2229 sive
1030 2204 1174 2236 veram,
1195 2191 1274 2228 sive
1295 2189 1431 2227 falsam
1453 2202 1518 2226 ac-

66 2252 304 2290 cusationem
319 2264 328 2289 :
350 2251 455 2302 quod
470 2253 634 2302 primum
657 2251 817 2301 quidem
832 2265 878 2289 ex
892 2252 1089 2302 regionum
1105 2252 1327 2290 diversitate
1341 2255 1518 2301 apparet,

65 2327 168 2359 cum,
202 2327 298 2364 quas
326 2320 528 2352 enumerat
553 2313 704 2364 Lysias,
736 2314 1061 2365 Peloponnesum,
1083 2315 1243 2361 Ioniam,
1277 2314 1448 2365 Cyprum
1479 2321 1519 2352 et

63 2377 238 2427 regiones
267 2376 524 2426 Hellesponto
543 2375 784 2425 adjacentes,
805 2377 912 2414 exsul
934 2377 1073 2415 adierit
1099 2377 1337 2422 Andocides,
1360 2383 1402 2414 ut
1430 2383 1521 2427 post

65 2437 297 2482 videbimus,
319 2450 395 2475 non
417 2438 588 2488 legatus3
616 2451 704 2476 nam
735 2438 783 2476 de
813 2439 858 2475 iis
884 2439 977 2476 nihil
1008 2439 1091 2489 ipse
1117 2439 1143 2477 l.
1174 2453 1209 2477 c.
1231 2439 1345 2477 dicit:
1375 2438 1517 2476 deinde

65 2499 160 2537 illud
181 2512 228 2537 ex
247 2500 444 2537 mentione
470 2499 650 2551 Dionysii
682 2506 741 2538 est
770 2500 1027 2546 manifestum,
1050 2501 1118 2550 qui
1138 2502 1416 2552 Syracusarum
1448 2501 1517 2538 im·

65 2560 214 2611 perium
252 2561 458 2611 occupavit
486 2563 536 2599 A.
555 2565 594 2599 4.
635 2561 794 2612 Olymp.
826 2562 978 2600 XCIII.
1013 2575 1101 2600 cum
1131 2562 1272 2612 legatio
1302 2562 1516 2600 Andocidis

65 2614 235 2659 incidere
255 2623 431 2660 videatur
448 2623 550 2659 inter
582 2622 743 2674 Olymp.
765 2623 993 2662 LXXXVI.
1020 2630 1059 2662 et
1079 2624 1309 2661 LXXXIX.
1340 2629 1429 2661 ante
1448 2636 1517 2673 pa-

67 2688 149 2719 ctas
170 2695 256 2720 cum
275 2683 583 2721 Lacedaemoniis
603 2684 802 2723 inducias:
835 2685 1046 2723 absurdum
1067 2692 1196 2723 autem
1222 2685 1323 2722 foret
1351 2684 1400 2721 de
1421 2685 1517 2722 Dio-

66 2743 177 2794 nysio
197 2744 304 2793 loqui
331 2745 550 2790 Oratorem,
577 2745 650 2782 nisi
679 2746 868 2797 ἀποδημία
888 2746 951 2785 illa
974 2747 1011 2785 in
1031 2760 1076 2785 ea
1108 2752 1281 2796 tempora
1300 2746 1513 2796 incidisset,

66 2804 208 2854 quibus
229 2805 291 2842 hic
304 2805 384 2853 jam
406 2806 627 2857 Tyraunide
649 2814 751 2845 esset
771 2808 932 2857 potitus.
1118 2800 1123 2807 ι

118 2866 246 2909 Quum
270 2866 386 2916 igitur
405 2880 498 2917 opes
518 2868 735 2906 Andocidis
756 2870 896 2907 sensim
916 2877 1145 2917 crescerent,
1169 2872 1330 2920 jamque
1351 2871 1518 2908 auctori-

63 2932 140 2964 tate
170 2934 208 2965 et
241 2928 413 2977 potentia
447 2929 603 2975 valeret,
630 2931 873 2980 optimatium
907 2940 1037 2982 partes
1068 2940 1222 2970 secutus
1252 2932 1347 2980 (vid.
1380 2934 1451 2970 Or.
1482 2947 1520 2972 c.

63 2988 189 3028 Alcib.
209 3001 250 3038 p.
267 2993 331 3027 30.
354 3002 387 3026 v.
405 2992 440 3025 3.
466 2993 583 3037 1›.34.
608 2991 837 3030 Plutarchus
858 2994 894 3030 in
917 2993 1119 3031 Alcibiade
1141 3006 1179 3043 p.
1196 2998 1286 3031 201.
1307 2993 1367 3043 F.)
1383 3001 1520 3044 quater
