1818 3189
265 223 315 264 14
551 222 727 264 PETRI
764 220 885 263 VAN
917 220 1116 263 SPAAN
1147 220 1412 264 DISSERT.

260 327 323 365 Sic
353 327 461 365 locus
495 327 555 364 ille
584 325 808 364 scribendus
836 332 908 373 est,
940 326 978 363 in
1010 339 1090 376 quo
1119 325 1320 364 manifesta
1338 331 1525 376 apparent
1544 325 1703 378 vestigia

261 388 481 425 imitationis
502 387 576 424 loci
591 386 832 436 Thucydidei
851 387 900 425 de
922 387 1175 438 Antiphonte.

314 449 359 486 In
380 448 480 486 hunc
514 447 896 497 Quadringentorum
927 461 1124 487 numerum
1145 448 1311 498 populus
1330 447 1459 498 allegit
1477 453 1557 486 tum
1577 448 1702 499 ipsum

261 509 555 559 Antiphontem,
580 514 659 546 tum
680 509 939 560 Phrynichum
961 516 999 558 et
1018 510 1341 555 Theramenem,*
1361 509 1529 548 amicitia
1562 517 1601 548 et
1631 523 1702 548 usu

259 570 494 619 Antiphonti
528 569 772 620 conjunctos,
801 571 866 608 sed
899 573 1000 609 inter
1028 583 1127 621 quos
1159 571 1266 608 brevi
1296 570 1517 619 gravissima
1541 570 1704 610 discidia
1763 589 1765 591 ·

259 632 503 669 exstiterunt.
559 631 840 682 Quadringenti
866 632 903 669 in
923 632 1017 669 duas
1040 631 1228 669 factiones
1249 631 1516 677 discesserant,
1540 644 1702 681 quarum

260 693 392 738 altera,
413 692 514 730 duce
535 693 789 738 Theramene,
824 693 996 743 impense
1027 693 1182 731 favebat
1202 692 1413 739 Alcibiadi,
1433 693 1565 738 altera,
1593 694 1704 742 cujus

259 761 379 804 caput
394 768 480 792 cum
503 754 724 806 Phrynicho
740 760 822 793 erat
836 755 1051 805 Antiphon,
1068 754 1245 791 omnibus
1260 753 1398 798 modis,
1414 767 1462 791 ne
1481 754 1704 792 Alcibiades

259 821 518 860 revocaretur,
539 815 786 866 impediebat,
822 814 937 852 facile
968 816 1114 860 videns,
1149 828 1196 852 eo
1224 821 1398 865 recept0‚
1430 815 1704 865 rempublicam

259 875 309 914 ad
323 876 550 927 popularem
571 882 712 914 statum
733 875 956 914 redituram.
997 877 1127 920 Quum
1148 889 1239 913 vero
1255 876 1375 913 altera
1392 875 1511 913 factio
1532 876 1706 926 superior

259 951 342 976 esse
366 937 562 988 coepisset,
588 950 660 975 nec
681 951 739 975 res
759 938 870 975 aliter
889 938 1011 975 teneri
1033 944 1177 987 posset,
1198 937 1417 987 Antiphon,
1447 937 1704 988 PhrynichuS,

259 999 402 1049 aliique
423 999 571 1045 decem,
588 1005 770 1049 tanquam
785 998 965 1036 factionis
979 1011 1059 1036 suae
1075 998 1204 1047 legati,
1221 998 1271 1035 ad
1291 998 1396 1048 ipsos
1412 998 1703 1037 Atheniensium

257 1060 526 1098 acerbissimos
558 1061 701 1106 hostes,
724 1059 1038 1098 Lacedaemonios
1066 1059 1232 1109 profecti
1263 1064 1364 1104 sunt,
1396 1065 1439 1097 ut
1459 1072 1597 1110 pacem
1619 1060 1706 1110 qui·

259 1121 489 1171 buscunque
510 1121 800 1159 conditionibus
819 1121 1005 1159 facerent.
1044 1120 1165 1157 Simul
1184 1132 1317 1157 eorum
1338 1120 1501 1158 consilio
1523 1120 1705 1159 Eetionea

259 1183 406 1221 munita
426 1189 498 1230 est,
519 1196 595 1234 qua
615 1183 781 1221 hostium
802 1183 962 1220 classem
986 1181 1284 1232 pedestre-mque
1300 1182 1523 1229 exercitum,
1545 1182 1704 1232 quando

258 1251 299 1284 et
317 1245 471 1295 quoties
491 1246 646 1292 vellent,
665 1244 835 1295 recipere
851 1249 1024 1294 possent.
1080 1244 1155 1281 Sed
1177 1244 1293 1294 legati
1314 1257 1354 1282 re
1371 1243 1514 1282 infecta
1531 1244 1704 1282 Athenas

258 1307 401 1346 reversi
434 1312 537 1353 sunt,
582 1313 622 1344 et
661 1305 758 1343 nihil
795 1306 905 1344 aliud
939 1305 1012 1344 hac
1044 1305 1251 1356 legatione,
1286 1317 1401 1355 quam
1439 1305 1511 1343 sibi
1547 1305 1704 1344 exitium

257 1374 510 1407 maturarunt.
540 1368 616 1405 Vix
634 1380 809 1406 reversus
824 1366 1070 1418 Phrynichus
1085 1380 1132 1404 ex
1152 1366 1300 1404 insidiis
1321 1365 1437 1417 periit
1454 1365 1493 1404 in
1510 1365 1705 1416 frequenti

257 1430 357 1475 foro,
391 1442 616 1480 percussore
654 1430 738 1479 ejus
771 1429 929 1479 impune
966 1427 1166 1466 evadente.
1223 1428 1313 1472 Qua
1341 1440 1382 1466 re
1413 1428 1564 1466 animus
1582 1429 1706 1467 crevit

257 1492 429 1531 adversae
450 1491 622 1537 factioni,
643 1491 806 1542 ejusque
826 1489 1010 1540 principi,
1032 1489 1275 1527 Therameni.
1305 1488 1368 1526 Fit
1382 1488 1523 1528 deinde
1542 1489 1706 1528 maxima

256 1567 382 1593 rerum
420 1552 684 1592 commutatio.
742 1552 859 1597 Nam,
893 1551 1083 1589 dissoluto
1117 1550 1497 1601 Quadringentorum
1529 1550 1705 1602 imperio,

257 1615 477 1666 respublica
509 1615 681 1666 quinque
714 1613 882 1652 millibus
914 1612 1216 1651 administranda
1249 1612 1427 1650 traditur.
1483 1612 1707 1651 Alcibiades

257 1678 427 1729 denique
462 1677 500 1714 in
537 1676 700 1727 patriam
734 1681 951 1713 revocatur.
982 1674 1071 1712 Vid.
1105 1673 1331 1725 Thucydid.
1360 1673 1473 1712 VIII.
1506 1678 1572 1712 90.
1594 1687 1705 1726 seqq.

257 1739 357 1776 Haec
377 1745 486 1790 gesta
506 1744 595 1776 sunt
614 1738 773 1789 Olymp.
795 1737 927 1782 XCII,
949 1740 986 1774 2.
1021 1736 1193 1774 Praetore
1222 1735 1496 1786 Theopompo.
1555 1736 1705 1774 Eodem

258 1813 361 1838 anno
393 1799 538 1837 inimici
565 1798 846 1849 Antiphontem
867 1798 905 1835 in
926 1796 995 1846 jus
1017 1802 1219 1841 vocarunt,
1241 1796 1307 1834 ubi
1328 1809 1404 1834 non
1422 1796 1569 1835 indicta
1588 1810 1706 1836 causa

257 1861 540 1900 condemnatus
571 1866 642 1905 est,
675 1867 717 1898 ut
737 1858 962 1909 gravissimo
981 1870 1110 1896 errore
1131 1857 1266 1895 scribit
1286 1856 1704 1907 Pseudo-Plutarchus,

257 1923 326 1962 sed
356 1936 509 1961 causam
542 1922 669 1960 dicere
698 1928 873 1965 coactus,
906 1926 986 1957 tum
1015 1919 1183 1970 primum
1211 1918 1371 1969 publice
1403 1918 1503 1957 dixit
1530 1926 1639 1958 tanta
1667 1920 1706 1958 vi

258 1984 509 2034 eloquentiae,
543 1990 586 2022 ut
607 1982 861 2033 Thucydides
891 1982 996 2019 illum
1016 1980 1161 2031 optime
1182 1980 1365 2026 omnium,
1385 1980 1435 2018 ad
1457 1994 1562 2019 suam
1583 1994 1705 2032 usque

258 2046 496 2092 memoriam,
515 2044 652 2096 capitis
686 2057 839 2082 causam
861 2043 1000 2082 dixisse
1020 2041 1201 2080 fateatur.
1256 2042 1478 2080 Accusatus
1497 2048 1571 2088 est,
1591 2043 1704 2081 Thu-

257 2107 400 2159 cydide
421 2112 533 2153 teste,
554 2105 658 2157 quod
691 2117 905 2156 paucorum
931 2100 1172 2141 dominatum
1193 2102 1482 2141 constituisset:
1513 2103 1573 2140 καὶ
1592 2105 1704 2147 αὑτός

256 2186 294 2209 τε
314 2170 436 2216 ἐπειδὴ
464 2172 509 2207 τὰ
539 2172 611 2207 τῶν
636 2170 879 2219 τετρακοσίων
905 2167 945 2205 ἐν
972 2167 1108 2219 ὑστέρῳ
1129 2167 1387 2216 μεταπεσόντα
1405 2167 1476 2204 ὕπὸ
1496 2171 1558 2205 τοῦ
1588 2166 1706 2217 δὴμον

255 2232 440 2277 ἐκακοῦτο,
461 2227 598 2282 ἄριστα
618 2234 786 2283 φαίνεται
805 2232 878 2268 τῶν
893 2232 1030 2280 μέχρις
1050 2228 1138 2279 ἐμοῦ
1156 2228 1248 2278 ὑπὲρ
1267 2229 1389 2266 αὐτῶν
1407 2233 1545 2266 τούτων
1563 2230 1703 2275 αἰτίας,

257 2297 307 2337 ὥς
335 2294 618 2343 ξυγκατέστησε,
647 2290 812 2330 θανάτου
827 2290 930 2337 δίκην
944 2289 1296 2339 ἀπολογησάμενος.
1354 2289 1400 2327 In
1419 2288 1504 2340 ipsa
1522 2302 1612 2328 vero
1630 2303 1705 2342 pu-

300 2412 319 2430 ·
334 2411 530 2442 Theramenis
546 2410 697 2446 Historia,
717 2414 844 2450 propter
859 2409 982 2440 diversa
999 2414 1029 2439 et
1045 2408 1212 2449 pugnantia
1228 2407 1306 2438 inter
1320 2418 1353 2438 se
1370 2411 1506 2439 veterum
1522 2406 1704 2448 scriptorum

258 2455 297 2485 de
308 2465 345 2484 eo
356 2455 483 2493 judicia,
497 2454 683 2484 commodam
700 2453 891 2484 Academicae
906 2451 1119 2482 exercitationi
1135 2451 1291 2481 materiem
1306 2451 1442 2489 praebere
1455 2455 1571 2490 posset.
1596 2451 1706 2482 Obiter

256 2498 452 2528 Theramenis
467 2507 573 2527 nornen
588 2496 784 2526 restituamus
802 2495 930 2526 Libanio
946 2495 1078 2535 Apolog.
1091 2495 1210 2525 Socrat.
1225 2504 1257 2533 p.
1274 2495 1347 2524 651.
1371 2492 1450 2524 ἔστιν
1469 2490 1513 2523 οὖν
1533 2493 1637 2529 εἰπεῖν,
1661 2492 1705 2524 ἔτι

255 2540 407 2582 μετέσχεν
420 2542 482 2581 ἀνὴρ
495 2542 547 2574 τῆς
567 2541 620 2568 τῶν
634 2538 819 2580 τετρακοσίων
832 2537 1010 2580 ὀλιγαρχίας,
1024 2540 1078 2567 τῶν
1101 2538 1252 2577 τριάκοντα-
1270 2534 1466 2577 παροινομίας;
1486 2535 1533 2567 τὸν
1547 2535 1706 2577 Πείσανδρον

256 2583 437 2624 ἐμιμήσατο,
452 2585 534 2623 μετὰ
548 2582 698 2621 Ῥαμένους
712 2581 884 2622 ἐξήτασται,
899 2583 940 2620 τῷ
956 2579 1076 2622 Φρυνίχῳ
1089 2578 1179 2610 ταύτὸ
1195 2581 1276 2609 ποιῶν
1290 2578 1375 2618 ὤφθη
1391 2590 1399 2616 3
1422 2579 1598 2618 Legendum
1615 2585 1706 2620 enga-

255 2628 366 2667 μένους.
408 2627 611 2656 Theramenes
627 2626 719 2666 vulgo
737 2624 907 2654 cothurnus
926 2625 1027 2654 dictus
1043 2628 1101 2658 est,
1118 2623 1200 2661 quod
1217 2621 1246 2650 in
1261 2621 1374 2651 civium
1389 2621 1573 2652 factionibus
1589 2622 1706 2661 ancipi-

257 2675 319 2700 tem
332 2680 364 2700 se
381 2670 514 2709 gerebat,
525 2674 555 2699 et
567 2667 684 2707 utrique
701 2668 778 2706 parti
793 2672 896 2706 gratus
910 2677 978 2697 esse
990 2667 1144 2700 studebat,
1159 2665 1239 2695 sicut
1251 2664 1414 2694 cothurnus
1424 2672 1514 2704 aptus
1525 2669 1573 2694 est
1581 2664 1705 2704 utrique

257 2713 340 2752 pedi.
384 2712 496 2742 Critias
518 2712 549 2742 in
572 2710 709 2740 oratione
732 2711 879 2740 adversus
902 2709 1118 2739 Theramenem
1144 2707 1227 2747 apud
1251 2707 1451 2746 Xenophont.
1470 2707 1594 2737 Hellen.
1611 2708 1655 2738 11.
1672 2717 1705 2747 p.

256 2756 331 2786 465.
353 2753 416 2784 ὅθεν
430 2755 515 2785 δήπου
529 2756 583 2794 72²2
597 2754 644 2783 καὶ
662 2753 788 2792 Κόθορνος
803 2751 998 2781 ἐπικαλεῖται.
1015 2751 1062 2781 καὶ
1079 2753 1133 2791 γὰς
1149 2750 1161 2779 ὅ
1176 2749 1297 2789 κόθορνος
1312 2749 1464 2790 ἁρμόττειν
1479 2749 1534 2789 μὲν
1549 2751 1610 2784 τοῖς
1623 2751 1707 2780 ποσὶν

256 2797 426 2838 ἀμφοτέροις
438 2799 520 2828 δοκεῖ.
543 2796 596 2827 ubi
615 2797 719 2826 Celeb.
738 2795 940 2825 Ruhnkenius
955 2794 1127 2824 rectissime
1144 2793 1293 2832 expungit
1307 2794 1412 2828 verba,
1429 2793 1475 2823 καὶ
1491 2795 1545 2833 γὰρ
1562 2792 1574 2822 ὅ
1590 2791 1706 2833 κόθορνος

257 2841 299 2880 ὀρ.
315 2853 351 2879 μ.
369 2853 398 2870 τ.
415 2852 448 2871 π.
467 2852 496 2871 ο..
511 2840 536 2870 δ’.
557 2845 696 2879 tauquam
716 2837 912 2868 Grammatici
937 2837 1100 2876 marginale
1125 2837 1300 2875 glossema5.
1323 2836 1464 2874 quamvis
1492 2836 1545 2866 illa
1569 2835 1600 2865 in
1624 2835 1704 2865 libro

258 2893 313 2912 suo
329 2884 479 2913 invenerit
494 2883 655 2913 Scholiast.
671 2882 826 2920 Aristoph.
842 2881 879 2910 ad
903 2881 977 2910 Ran.
994 2891 1024 2910 v.
1041 2882 1094 2910 47.
1120 2879 1227 2908 Pollux
1244 2878 1318 2907 vll.
1336 2881 1388 2909 91.
1412 2878 1424 2906 ὅ
1448 2878 1475 2908 δὲ
1495 2877 1622 2919 κόθορνος,
1638 2877 1703 2908 ἐκά-

255 2935 328 2964 τερος
343 2927 451 2964 ἀμφοῖν
464 2927 523 2956 τοῖν
537 2926 638 2956 ποδοῖν.
659 2924 722 2955 ὅθεν
737 2925 784 2954 καὶ
800 2923 844 2953 τὸν
859 2922 1018 2964 Θηραμένην
1033 2920 1151 2962 Κόθοςνον
1165 2920 1288 2956 ἐκάλουν,
1304 2920 1348 2951 διὰ
1365 2920 1410 2950 τὸν
1425 2921 1487 2961 περὶ
1499 2923 1549 2952 τὴν
1560 2920 1705 2951 πολιτείαν

256 2969 481 3008 ὶμφοτιρισμόν.
507 2969 586 2999 Vide
601 2969 745 3001 eximium
764 2967 872 3001 virum,
892 2968 928 2997 L.
943 2966 1109 2996 Kusterum
1125 2964 1161 2995 ad
1179 2964 1266 2994 said.
1286 2975 1315 2994 v.
1331 2962 1501 3005 Θηραμένης.
