1878 3272
297 216 380 259 DE
413 215 808 259 ANTIPHONTE
841 217 1020 261 ORAT.
1051 217 1290 261 ATTICO.
1471 220 1527 262 21

67 322 213 369 varios-s
224 324 511 364 Grammaticos
542 323 800 374 reperiuntur,
829 323 931 362 adde
961 325 1037 364 hoc
1070 338 1119 364 ex
1151 325 1297 365 Lexico
1325 324 1531 377 Sangerm.

69 385 156 424 MS.
179 386 411 439 Ἀφροδίτης,
431 387 520 426 ἀντὶ
534 389 613 432 τοῦ,
630 384 891 438 Ἀφροδισίων.
918 386 1034 431 οὕτως
1051 390 1242 441 Ἀντιφῶν
1261 389 1302 427 ἐν
1321 387 1532 436 Ἀληθείας

69 449 213 501 πρώτῳ.

124 509 179 548 11.
212 508 416 560 Antiphon
447 508 654 560 Tragicos,
690 508 756 560 qui
782 508 878 548 vixit
905 510 1011 562 apud
1044 511 1280 564 Dionysium
1313 512 1532 559 Seniorem,

74 570 222 610 Siciliae
253 572 491 622 Tyrannum,
520 572 687 622 ejusque
724 571 921 621 tragoediis
955 573 1287 623 reprehendendis
1320 575 1535 626 perniciem

73 632 149 672 sibi
179 632 392 672 arcessivit.
451 633 684 672 Celebratur
712 633 932 672 aculeatum
960 635 1047 685 ejus
1076 634 1239 682 dictum,
1263 648 1342 687 quo
1380 637 1536 691 Diony-

73 694 171 733 sium
207 694 375 744 graviter
400 694 578 734 offendit.
636 696 740 734 Nam
774 696 968 746 quaerenti
1009 697 1217 749 Dionysio,
1249 698 1449 750 quodnam
1479 713 1536 738 aes

72 756 262 807 optimum
289 763 406 802 esset,
436 756 656 808 respondit,
678 770 727 795 ex
755 769 835 807 quo
856 758 1118 797 Athenienses
1146 759 1353 798 Harmodii
1383 766 1424 798 et
1447 761 1538 799 Ari-

73 817 279 869 stogitonis
307 823 453 856 statuas
485 818 732 857 conflassent.
789 819 882 858 Vid.
912 819 1112 859 Plutarch.
1142 820 1192 858 de
1222 820 1344 860 Adul.
1377 827 1418 860 et
1444 824 1532 862 Am.

73 879 191 918 discr.
224 892 265 930 p.
293 884 359 918 68.
393 883 442 919 Α.
472 880 521 918 de
551 881 722 919 Stoicor.
752 894 914 932 repugn.
945 895 984 932 p.
1013 886 1134 922 1051.
1169 883 1218 922 C.
1274 883 1375 922 Haec
1404 883 1538 924 Philo-

73 948 217 981 stratus
248 955 287 993 p.
318 946 412 981 500.
455 943 869 983 Pseudo—Plutarchus
896 951 935 983 et
964 945 1129 984 Photius
1159 945 1257 984 male
1286 946 1461 986 referunt
1488 948 1539 987 ad

75 1004 355 1055 Antiphontem
386 1004 686 1052 Rhamnusium,
709 1019 808 1056 quos
829 1007 925 1045 satis
945 1006 1124 1046 confutat
1152 1006 1307 1047 diversa
1335 1008 1541 1062 utriusque

73 1074 184 1106 aetas.
240 1067 302 1105 Ad
324 1067 426 1105 hunc
447 1067 658 1118 Tragicum
678 1068 795 1106 etiam
816 1069 998 1120 pertinet,
1019 1070 1129 1120 quod
1150 1076 1282 1109 narrat
1301 1071 1542 1112 Aristoteles

76 1128 192 1168 Rhet.
214 1130 267 1168 II.
290 1142 327 1180 p.
348 1134 412 1170 76.
440 1131 626 1182 Ἀντιφῶν
653 1131 672 1167 ὁ
698 1133 851 1177 ποιητὴς
879 1135 1036 1181 μέλλων
1067 1134 1443 1184 ἀποτυμπανίζεσθαι
1468 1135 1542 1174 ὑπὸ

75 1190 284 1238 Διονυσίου,
303 1189 416 1238 εἶπεν,
437 1190 524 1229 ἰδὼν
543 1192 631 1234 τοὺς
662 1191 989 1238 συναποθνήσκειν
1017 1195 1231 1244 μέλλοντας
1259 1194 1543 1248 ἓγκαλυπτομέ-

77 1268 164 1295 νους
183 1253 236 1295 ὠς
255 1252 372 1308 ᾔεσαν
397 1252 459 1290 διαὶ
483 1259 557 1291 τῶν
577 1256 719 1300 πυλῶν,
738 1257 773 1292 τί
799 1254 1098 1304 ἔγκαλὺπτεσὲε,
1118 1255 1199 1309 ἔφη·
1219 1257 1243 1302 ἢ
1261 1258 1313 1307 μὴ
1334 1255 1463 1309 αὔριόν
1485 1275 1543 1302 τις

76 1314 174 1365 ὑμᾶς
191 1313 251 1370 ’ίδῃ
272 1315 424 1353 τούτων.
470 1314 526 1353 Ex
542 1314 798 1366 Antiphontis
818 1316 1008 1356 dramatis
1027 1317 1210 1356 laudatur
1227 1317 1474 1371 Ἀνδρομάχη
1491 1319 1543 1358 ab

77 1377 251 1415 Auctore
271 1376 402 1415 Ethic.
418 1375 584 1415 Eudem.
605 1377 720 1416 VIII.
741 1382 779 1416 4.
808 1378 1037 1431 Μελέαγρος
1057 1380 1108 1418 ab
1127 1380 1340 1419 Aristotele
1356 1380 1472 1419 Rhet.
1487 1382 1543 1420 II.

78 1450 121 1489 p.
147 1442 240 1478 108.
297 1438 453 1483 Quibus
488 1438 641 1477 lonsius
680 1446 720 1478 et
753 1440 956 1480 Fabricius
989 1442 1088 1481 male
1119 1442 1273 1481 addunt
1304 1443 1545 1491 Πλῆξιππον.

77 1502 179 1540 Nam
198 1515 245 1540 ex
260 1501 472 1540 Aristotele
491 1501 611 1540 Rhet.
632 1502 687 1542 II.
707 1516 746 1554 p.
768 1508 834 1542 63.
856 1511 1035 1556 apparet,
1057 1505 1291 1557 Plexippum
1310 1519 1389 1545 non
1408 1507 1547 1547 drama

77 1563 214 1613 fuisse,
236 1563 304 1601 sed
324 1575 529 1613 personam
549 1562 749 1602 inductam
769 1564 808 1602 in
827 1565 1051 1619 Μελεάγρῳ.
1109 1568 1171 1605 De
1190 1567 1385 1619 Plexippo
1411 1568 1545 1620 singu-

77 1624 148 1663 lari
166 1624 298 1663 libello
317 1624 537 1675 disputasse
554 1624 815 1670 Andrantum‚
840 1626 1165 1673 Grammaticum,
1187 1628 1309 1667 docet
1325 1629 1545 1670 Athenaeus

78 1686 107 1726 l.
129 1687 218 1725 XV.
241 1699 281 1738 p.
301 1689 394 1726 673.
415 1686 459 1724 F.
497 1686 602 1724 Hinc
622 1686 708 1724 Cel.
741 1687 893 1725 Praeses
921 1688 1162 1728 emendabat
1181 1689 1384 1729 Pollucem
1407 1692 1460 1731 X.
1481 1697 1555 1734 63.
1611 1736 1614 1740 ,

80 1762 152 1800 pro
171 1749 214 1787 ἐν
230 1748 478 1801 Ἀντιφάνους
505 1747 717 1800 Μελεάγρῳ
737 1748 868 1798 legens
896 1749 938 1787 ἐν
955 1751 1206 1803 Ἀντιφῶντος
1232 1751 1460 1805 Μελεάγρῳ·
1482 1754 1553 1793 cui

79 1809 215 1848 eadem
246 1809 439 1848 medicina
468 1809 694 1848 adhibenda
718 1809 926 1849 videbatur
944 1811 1037 1850 VII.
1059 1816 1124 1853 57.
1155 1812 1223 1850 ubi
1240 1814 1475 1866 Ἀντιφάνης
1502 1816 1547 1854 ἐν

78 1872 227 1926 Μηδείᾳ
245 1871 437 1910 laudatur.
492 1872 611 1910 Forte
629 1872 883 1923 Antiphontis
905 1873 1054 1920 Μηδεία
1073 1887 1153 1913 non
1172 1874 1280 1913 aliud
1301 1873 1439 1929 drama
1457 1875 1549 1924 fuit,

80 1946 196 1985 quam
223 1934 372 1980 Ἰάσων,
399 1934 522 1985 quod,
542 1948 732 1986 nusquam
761 1936 824 1974 ab‘
840 1936 957 1975 editis
985 1937 1244 1988 scriptoribus
1273 1945 1547 1989 memoratum,

79 1997 222 2036 citatur
240 1996 291 2035 ab
311 1997 577 2037 Antiatticista
596 1998 685 2036 MS.
709 1998 918 2046 AteriSovv,
939 1999 1168 2039 διετίθεσαν.
1185 2001 1373 2055 Ἀντιφῶν
1390 2003 1549 2044 Ἰάσονι.

82 2059 190 2097 Idem
226 2059 518 2098 Grammaticus
551 2060 610 2098 bis
643 2060 900 2111 Antiphontis
920 2061 1088 2100 ’Ἄδωνιν
1115 2063 1278 2103 laudat:
1317 2065 1551 2117 Ἀκληρίαν.

83 2122 274 2174 Ἀντιφῶν
294 2122 482 2161 Ἀδώνιδι.
512 2124 532 2162 ὀ
557 2123 684 2170 αὑτὸς,
709 2122 959 2176 Εὖκλὴρωμα,
981 2126 1066 2163 ἀντὶ
1094 2130 1171 2171 τοῦ,
1198 2125 1438 2178 κατόρθωμα.
1494 2129 1552 2166 Et

82 2183 161 2220 alio
178 2184 289 2221 loco:
317 2185 417 2223 Ἀνὰ.
441 2186 570 2236 μέσον,
592 2186 679 2224 ἀντὶ
697 2191 775 2231 τοῦ,
803 2186 844 2226 ἐν
867 2190 981 2239 μέσῳ.
1015 2189 1201 2240 Ἀντιφῶν
1219 2189 1409 2229 Ἀδώνιδι.
1466 2189 1552 2230 Sed

82 2244 174 2282 alibi
195 2244 294 2282 hanc
321 2245 492 2283 fabulam
513 2247 732 2297 Antiphani
762 2247 921 2290 tribuit:
951 2248 1187 2289 Κατὰλυσιν.
1220 2253 1279 2288 καὶ
1305 2256 1413 2290 τοῦτο
1440 2252 1553 2291 ἐπαι-

82 2309 247 2344 τιῶνται.
274 2306 506 2359 Ἀντιφάνης
524 2306 710 2345 Ἀδώνιδι.
767 2307 833 2345 Sic
853 2308 993 2347 incerti
1012 2321 1158 2357 sumus,
1179 2317 1307 2350 utrum
1327 2312 1548 2366 Antiphon,

83 2380 133 2405 an
151 2367 410 2418 Antiphanes,
433 2367 654 2406 Adonidem
675 2368 868 2408 docuerit.
924 2371 1063 2409 Malim
1085 2379 1214 2410 tamen
1236 2373 1313 2412 hoc
1332 2373 1467 2414 drama
1495 2375 1549 2414 ad

84 2429 302 2476 Comicum,
323 2443 438 2480 quam
459 2429 507 2468 ad
528 2430 752 2481 Tragicum‚
782 2430 939 2479 referre,
960 2440 1170 2484 propterea
1200 2435 1309 2486 quod
1336 2436 1402 2473 alii
1429 2436 1548 2476 etiam

87 2491 252 2538 Comici,
287 2491 415 2538 Plato,
450 2492 610 2539 Amos,
649 2492 839 2531 Philiscus
871 2493 974 2531 idem
1011 2502 1282 2546 argumentum
1320 2502 1548 2536 tractarunt.

86 2554 185 2592 Haec
201 2553 379 2604 pluribus
398 2553 545 2593 adstrui
565 2561 726 2605 possent
747 2562 826 2593 tum
846 2568 892 2593 ex
905 2556 986 2594 aliis
1002 2557 1272 2608 scriptoribus,
1289 2564 1372 2597 tum
1392 2572 1439 2597 ex
1453 2573 1551 2611 prae-

77 2616 192 2652 ‘claro
211 2615 280 2653 illo
293 2615 560 2654 Antiatticista
580 2616 666 2655 MS.
684 2617 753 2666 qui
773 2617 1001 2668 aliquando,
1017 2625 1059 2657 ut
1081 2632 1282 2670 speramus
1302 2627 1341 2658 et
1356 2627 1552 2672 optamuS,

88 2677 127 2713 in
164 2677 288 2714 lucem
325 2676 559 2725 vindicatus,
596 2684 769 2717 veterum
808 2679 1036 2718 Dramatum
1070 2680 1210 2719 rationi
1244 2694 1388 2720 novum
1421 2683 1551 2720 lumen

89 2737 276 2776 affundet.
324 2738 520 2788 Perpetua
534 2752 626 2777 vero
646 2746 706 2778 est
725 2740 828 2791 apud
848 2740 948 2780 alios
968 2741 1084 2779 etiam
1100 2741 1311 2792 scriptores
1327 2743 1553 2794 Antiphon-

89 2798 139 2836 tis
167 2804 206 2836 et
234 2798 472 2848 Antiphanis
499 2799 689 2838 confusio.
746 2801 812 2838 Sic
842 2801 946 2852 apud
977 2801 1177 2840 Stobaeum
1210 2804 1335 2843 Serm.
1364 2805 1479 2844 XXI.
1511 2818 1554 2857 p.

90 2863 182 2900 176.
204 2865 244 2897 et
271 2859 313 2897 S.
335 2859 441 2897 LIX.
472 2873 512 2911 p.
532 2865 623 2900 382.
645 2861 712 2900 alii
741 2862 871 2901 Codd.
909 2863 1163 2916 Ἀντιφάνους
1194 2864 1355 2911 habent,
1376 2865 1441 2904 alii
1464 2868 1554 2906 Ἀν-

91 2924 283 2973 τιφῶντος,
316 2927 475 2959 notante
507 2922 554 2961 C.
583 2924 774 2963 Gesnero.
840 2925 958 2976 Apud
993 2925 1158 2963 eundem
1195 2926 1317 2965 Serm.
1339 2928 1490 2967 XXIV.
1511 2944 1553 2982 p.

96 2987 182 3022 192.
214 2982 373 3021 similem
412 2984 635 3024 varietatem
672 2999 692 3023 e
730 2986 846 3024 MSS.
886 2986 1069 3025 Parisinis
1103 2987 1306 3027 adnotavit
1339 2989 1554 3031 immortale
