1818 3189
286 213 369 258 188
763 213 797 258 1.
827 214 953 259 OTT.
985 213 1260 258 SLUITERI

283 322 324 360 in
344 332 534 359 summum
564 319 771 359 discrimen
793 322 898 360 venit
917 328 956 362 et
975 322 1013 360 in
1032 322 1158 373 ipsum
1186 321 1324 373 capitis
1352 321 1579 373 periculum.
1633 322 1729 369 Sed,

279 381 458 432 judicum
480 382 680 421 sententiis
706 383 906 423 absolutus
939 385 1029 434 (vid.
1050 384 1206 423 Andoc.
1227 384 1295 422 dd.
1316 383 1384 432 ll.),
1405 390 1540 434 postea
1559 394 1645 422 cum
1667 384 1734 422 Al-

288 443 444 482 cibiade
464 450 503 482 et
525 444 652 491 Nicia,
684 446 959 496 potentissimis
992 460 1035 485 ea
1066 453 1181 486 aetate
1202 446 1240 485 in
1260 446 1461 498 republica
1480 446 1582 492 viris,
1603 458 1731 484 coram

285 505 434 556 populo
449 505 663 552 contendit,
680 506 768 557 quis
785 507 1027 546 Ostracismo
1041 522 1063 546 e
1079 508 1234 546 civitate
1251 507 1453 559 pellendus
1473 514 1593 552 esset;
1615 512 1734 557 atque

285 566 324 603 in
346 566 446 605 hanc
474 580 553 605 rem
574 568 802 607 Orationem
823 569 924 607 illam
945 570 983 608 in
1005 569 1247 608 Alcibiadem
1267 570 1414 616 habuit,
1435 582 1552 620 quam
1573 582 1643 607 nos
1664 569 1734 607 ho-

287 627 431 678 dieque
459 628 649 668 habemus
681 630 955 681 superstitem:
985 643 1074 682 quae
1107 631 1199 682 quin
1228 644 1407 682 germana
1438 631 1487 669 sit
1517 630 1735 669 Andocidis

286 696 376 738 post
396 689 586 741 egregiam
608 691 830 730 Ruhnkenii
849 692 889 731 d.
908 692 934 731 l.
955 693 1255 744 disputationem
1276 707 1389 732 nemo
1404 701 1462 732 est
1481 693 1549 745 qui
1569 692 1735 731 dubitet.

341 750 481 801 Neque
501 757 626 790 tamen
660 753 787 791 omnia
806 754 837 792 is
855 760 1079 804 argumenta
1099 754 1157 792 vel
1184 755 1417 800 enucleasse,
1439 755 1497 792 vel
1517 753 1737 792 exhausisse

286 811 473 860 videatur,
495 815 525 852 si
543 814 643 852 illius
663 814 772 854 dicta
790 829 878 854 cum
893 815 1232 854 Valckenaerianis
1249 816 1509 855 conferantur.
1552 817 1738 855 Rationes

287 887 376 913 suas
393 883 602 927 postquam
622 876 794 916 dilucide
815 877 994 928 exposuit
1014 877 1265 916 Ruhnkenius
1283 891 1293 916 ε
1336 881 1362 901 “
1385 877 1554 916 Accedit
1573 878 1662 926 huc,
1682 877 1740 915 in.

287 937 386 986 quit,
405 951 616 977 consensus
636 938 706 977 viri
727 939 1030 990 praestantissimi
1047 944 1086 978 et
1104 939 1263 990 collegae
1283 938 1604 990 conjunctissimi,
1626 939 1672 978 L.
1689 939 1738 977 C.

286 998 572 1046 Valckenaerii,
602 1001 669 1051 qui
698 1001 947 1052 Taylorianas
975 1001 1142 1039 rationes
1173 1001 1322 1049 iisdem,
1352 1001 1495 1052 quibus
1525 1014 1607 1048 nos,
1628 1014 1741 1051 argu·-

286 1061 424 1098 mentis
462 1061 499 1099 in
539 1062 781 1101 Adversariis
829 1063 906 1101 suis
954 1063 1234 1115 oppugnarat.''
1294 1063 1525 1113 Praelegerat
1559 1062 1738 1100 nimirum

286 1121 587 1162 Valckenaerius
609 1123 840 1163 Ruhnkenio
858 1125 970 1162 istam
1000 1124 1293 1163 annotationum
1321 1137 1474 1163 suarum
1506 1124 1739 1175 particulam

287 1197 333 1221 ex
361 1183 549 1223 ditissima
571 1186 958 1225 Animadversionum
988 1200 1105 1238 penu,
1132 1199 1227 1237 quas
1259 1187 1307 1225 ad
1342 1187 1513 1237 singulos
1532 1186 1742 1237 scriptores

287 1245 466 1293 Graecos,
502 1248 593 1285 dum
623 1261 689 1286 eos
717 1247 935 1298 perlegeret
964 1248 1197 1300 (perlegerat
1222 1261 1311 1286 vero
1342 1261 1488 1293 omnes,
1522 1247 1741 1298 praecipuos

289 1306 391 1345 haud
416 1309 563 1358 semel),
584 1309 622 1347 in
642 1309 960 1348 Adversariorum
993 1310 1099 1347 libris
1128 1309 1336 1348 recondere
1370 1310 1530 1348 solebat.
1588 1308 1747 1346 Obtulit

288 1373 414 1407 autem
448 1369 543 1407 mihi
570 1370 891 1408 Adversariorum
924 1371 1086 1409 istorum
1111 1370 1355 1421 particulam,
1389 1383 1478 1408 cum
1507 1368 1742 1408 Ruhnkenio

287 1429 378 1468 olim
392 1431 730 1479 communicatam,
745 1445 874 1482 quam,
888 1438 928 1470 ut
942 1433 1126 1483 praefatus
1142 1445 1237 1477 snm,
1251 1433 1351 1471 inter
1366 1444 1491 1484 pauca
1504 1431 1742 1470 Valckenae-

288 1492 408 1540 riana,
429 1493 548 1532 habet
568 1499 784 1544 praeceptor
800 1494 967 1544 optimus
984 1494 1150 1532 Ioannes
1172 1494 1317 1540 Luzac,
1335 1507 1498 1545 eamque
1515 1494 1554 1532 in
1572 1493 1742 1543 aliquem

289 1555 462 1595 ordinem
484 1555 694 1602 redactam,
715 1562 833 1607 atque
851 1555 914 1594 hic
935 1563 1003 1594 aut
1021 1556 1102 1594 illic
1123 1556 1213 1594 stilo
1228 1556 1450 1606 expolitam,
1468 1556 1505 1593 in
1527 1569 1616 1594 usus
1635 1567 1743 1594 meos

288 1616 508 1669 descripsit.
545 1617 751 1656 ‹Jueundus
773 1631 863 1656 sane
879 1617 951 1656 erit
971 1618 1134 1656 duorum
1152 1618 1191 1655 in
1211 1617 1330 1656 literis
1343 1617 1559 1668 principum
1576 1617 1743 1655 virorum

289 1678 327 1716 in
349 1679 662 1729 idemjudicium
683 1693 917 1723 consensus;
941 1679 1157 1729 jucundior
1174 1678 1448 1725 consideratio,
1470 1692 1548 1729 quo
1579 1678 1745 1731 quisque

289 1741 421 1788 modo,
448 1742 525 1780 sibi
560 1742 732 1793 proprio,
766 1741 993 1779 sententiam
1030 1754 1139 1779 suam
1172 1740 1385 1792 explanarit
1420 1746 1460 1778 et
1492 1739 1743 1779 confirmarit.

289 1803 443 1854 Itaque,
462 1812 650 1842 concessa
678 1804 857 1842 lubenter
875 1815 898 1840 a
918 1803 1087 1841 Luzacio
1108 1805 1222 1841 venia
1242 1816 1348 1850 usus,
1368 1801 1623 1853 probantibus
1643 1801 1744 1853 (opi-

288 1866 376 1913 nor)
390 1865 569 1903 omnibus
589 1865 776 1902 bonarum
808 1864 1005 1903 literarum
1038 1864 1255 1903 fautoribus
1274 1871 1313 1903 et
1335 1863 1529 1911 studiosis,
1562 1863 1741 1914 disputa-

289 1925 434 1965 tionem
453 1926 823 1965 Valckenaerianam
844 1926 906 1964 hic
925 1925 1169 1978 subjungam.

344 2179 368 2196 ‘⁴
385 2173 546 2213 Erudite
567 2174 773 2226 disputans
795 2174 827 2211 Ι.
847 2173 1038 2225 Taylorus
1055 2173 1165 2211 Lect.
1188 2171 1280 2222 Lys.
1301 2169 1402 2220 Cap.
1420 2174 1458 2207 6.
1491 2167 1745 2219 probabiliter

289 2238 432 2277 evincit
451 2237 691 2284 Orationem,
706 2249 793 2289 quae
826 2243 962 2287 quarta
992 2234 1213 2274 Andocidis
1231 2233 1389 2279 dicitur,
1408 2237 1548 2272 contra
1566 2231 1743 2270 Alcibia-

291 2300 387 2348 dem,
416 2313 494 2339 non
525 2313 608 2339 esse
641 2299 753 2345 illius,
784 2299 851 2337 sed
881 2298 1070 2337 Phaeacis.
1127 2293 1313 2341 Quamvis
1347 2299 1475 2333 autem
1507 2294 1597 2332 Tib.
1623 2294 1745 2332 Hem-

291 2362 523 2400 sterhusium
556 2361 622 2412 (ad
641 2361 781 2400 Thom.
803 2361 909 2410 Mag.
930 2373 970 2411 p.
992 2363 1083 2398 810,
1111 2359 1177 2407 B.)
1205 2358 1244 2396 in
1273 2368 1378 2395 suam
1406 2355 1631 2395 sententiam
1653 2368 1743 2406 per·
1784 2380 1786 2382 -

290 2423 462 2468 traxerit,
481 2422 657 2460 existimo
679 2421 941 2472 probabiliter
963 2427 1113 2459 tantum
1144 2420 1380 2471 disputasse,
1409 2417 1633 2467 neutiquam
1652 2429 1744 2468 pro-

291 2485 420 2523 basse.
478 2484 665 2530 Venusta,
683 2484 824 2535 fateor,
845 2489 882 2521 et
911 2483 1110 2534 ingeniosa
1131 2482 1205 2520 ista
1234 2487 1293 2518 est
1324 2478 1478 2530 Taylori
1511 2477 1742 2528 disputatio,

291 2546 359 2585 sed
393 2546 507 2597 plena
534 2545 718 2594 juvenilis
751 2545 970 2595 jactantiae,
1009 2556 1123 2595 quam
1153 2543 1209 2581 sic
1238 2541 1410 2580 claudit:
1444 2540 1549 2585 ‘Tu,
1589 2539 1744 2586 Lector,

293 2613 531 2652 constanter,
565 2606 630 2643 ubi
653 2612 803 2656 tempus
834 2607 882 2644 ad
911 2620 994 2645 eam
1027 2619 1105 2643 rem
1139 2604 1282 2649 tulerit,
1303 2614 1397 2639 meae
1426 2600 1540 2638 famae
1570 2600 1744 2651 periculo

292 2670 387 2708 cites
403 2669 627 2707 Orationem
644 2667 827 2705 Plaeaeacis
847 2672 984 2706 contra
1004 2665 1272 2705 Alcibiadem:
1329 2663 1381 2701 Ut
1402 2662 1475 2700 hoc
1495 2662 1747 2708 demonstret,

292 2732 457 2783 primum
475 2729 587 2781 ponit
601 2735 677 2767 tres
694 2742 740 2766 ex
756 2729 945 2767 Oratione
961 2729 1154 2767 desumtas
1173 2732 1298 2770 notas,
1316 2724 1459 2775 quibus
1473 2729 1609 2761 auctor
1621 2722 1748 2773 possit

291 2791 491 2843 dignosci3
521 2790 664 2828 deinde
683 2790 900 2836 contendit,
930 2790 997 2828 lias
1023 2796 1132 2828 notas
1153 2787 1310 2826 Phaeaci
1341 2793 1490 2824 tantum
1522 2784 1744 2823 convenire.

294 2853 355 2890 De
376 2851 535 2902 singulis
555 2851 791 2889 videamus.’'

346 2918 370 2935 “
394 2915 441 2952 1⁰.
463 2913 529 2952 Ait
551 2913 738 2963 disputari
770 2913 808 2951 in
830 2912 901 2950 hac
921 2926 1072 2963 caussa,
1092 2924 1295 2962 quemnam
1317 2924 1337 2948 e
1360 2910 1483 2948 tribus
1505 2907 1746 2977 Ostracismlo

292 2975 507 3026 plecterent
537 2975 808 3022 Athenienses,
849 2975 1070 3019 Oratorem,
1110 2986 1158 3012 an
1187 2972 1444 3017 Alcibiadem,
1477 2981 1525 3009 an
1564 2969 1745 3009 Niciam?
