1818 3189
222 148 307 190 xliv
584 143 938 188 RUHNKENII
972 144 1125 188 HIST.
1158 144 1315 188 CRIT.

274 260 361 300 LX.
392 259 732 298 DEMOCHARES.
762 260 998 311 Quanquam
1026 260 1063 299 in
1097 259 1358 299 Democharis
1397 258 1557 298 historia
1588 260 1678 299 illu-

223 321 544 360 stranda'versata
559 327 646 358 sunt
660 321 832 371 primarii
847 322 929 369 viri,
945 323 988 360 Ρ.
1004 321 1232 373 Leopardus
1251 320 1418 360 Emend.
1430 321 1523 359 VII.
1538 325 1605 361 25.
1624 322 1678 360 G.

223 384 256 422 Ι.
279 383 437 421 Vossius
452 383 500 420 de
516 383 565 420 H.
581 382 754 421 G.1.11.
772 383 927 422 Ionsius
942 384 991 422 de
1003 384 1148 434 Script.
1163 384 1217 421 H.
1233 383 1278 421 P.
1295 383 1326 422 Ι.
1348 387 1413 423 17.
1433 388 1473 420 et
1486 382 1680 421 Henricus

223 444 399 483 Valesius
414 444 462 483 ad
483 444 676 495 Excerpta
693 444 847 497 Polybii
861 458 898 496 p.
914 449 973 484 10.
986 451 1025 484 et
1045 446 1085 483 in
1106 445 1210 483 notis
1229 445 1279 483 ad
1300 443 1499 483 Maussaci
1514 443 1563 482 ad
1578 443 1681 481 Har-

223 519 331 558 pocr.
353 519 393 557 p.
414 509 506 545 295.
534 513 664 545 tamen
689 519 758 544 nos
785 506 890 545 haud
919 506 1085 557 poenitet
1114 506 1217 545 idem
1249 512 1520 557 argumentum
1550 504 1682 543 denuo

128 575 206 611 180
224 573 403 606 tractare.
460 567 739 615 Demochares,
759 568 1061 615 Leuconoensis,
1081 575 1213 606 orator
1226 574 1265 606 et
1280 567 1485 606 historicus
1505 565 1682 616 insignis,

222 635 374 681 patrem
396 628 534 667 habuit
553 629 778 677 Lachetem,
799 637 960 669 matrem
980 630 1256 669 Demosthenis
1275 642 1459 675 sororem,
1476 641 1588 667 avum
1610 628 1686 666 De·

223 690 463 736 mocharem,
482 690 549 740 qui
571 690 846 730 Demosthenis
873 697 1122 730 materteram
1142 691 1181 729 in
1202 690 1489 729 matrimonium
1506 689 1686 729 duxerat.

223 764 262 790 v.
283 751 541 790 Demosthen.
562 751 651 790 adv.
673 753 887 803 Aphobum
913 754 945 791 I.
976 757 1007 802 ξ.
1030 760 1071 792 ε’.
1091 758 1130 791 et
1149 753 1204 793 ΙΙ.
1224 757 1256 801 ξ.
1273 750 1326 800 β’.
1346 751 1486 790 Suidas
1504 764 1541 788 v.
1560 750 1685 802 Δημο-

223 811 362 867 χάρης,
377 821 417 854 et
437 829 472 854 v.
490 815 635 855 Γύλων.
671 816 819 855 Summi
837 830 935 868 quos
954 817 992 856 in
1007 817 1131 868 patria
1149 816 1266 866 gessit
1282 816 1447 854 honores
1467 814 1688 853 referuntur

224 877 264 916 in
284 877 455 915 Decreto
469 877 763 916 Atheniensium
784 879 889 929 apud
911 877 1344 917 Pseudo-Plutarchum
1360 877 1409 915 de
1429 875 1519 914 vitis
1534 876 1586 913 X.
1602 888 1688 914 ora-

226 944 356 978 torum
375 951 413 989 p.
430 942 524 977 851.
581 938 741 986 Labem,
761 952 877 990 quam
897 938 981 989 ejus
1002 939 1091 978 vitae
1107 939 1354 989 adsperserat
1371 937 1561 984 Timaeus,
1581 935 1688 987 gravi

228 999 456 1045 defensione
471 1000 564 1037 eluit
585 999 771 1052 Polybius
785 1001 971 1052 Excerpt.
988 1014 1028 1052 p.
1045 1004 1110 1039 53.
1139 1000 1202 1039 De
1216 1000 1251 1050 ej
1259 1013 1301 1038 us
1316 999 1484 1038 oratoria
1500 997 1689 1036 facultate

227 1061 283 1099 ita
302 1060 461 1110 judicat
490 1060 630 1099 Cicero
659 1061 708 1100 de
736 1062 905 1100 Oratore
927 1063 983 1100 II.
1004 1065 1071 1100 23.
1101 1062 1216 1099 “alia
1246 1060 1429 1111 quaedam
1450 1058 1627 1097 molliora
1643 1070 1691 1097 ac

226 1123 445 1161 remissiora
461 1122 619 1160 dicendi
634 1136 775 1173 genera
789 1124 1004 1173 viguerunt.
1044 1123 1142 1161 Inde
1158 1123 1438 1168 Demochares,
1451 1134 1568 1170 quem
1582 1120 1693 1159 aiunt

226 1183 371 1222 sororis
390 1183 509 1221 filium
532 1183 650 1221 fuisse
672 1183 968 1223 Demostheni.'’
1022 1185 1177 1222 Nobilis
1202 1189 1262 1222 est
1296 1183 1382 1233 ejus
1408 1182 1602 1233 Apologia
1620 1194 1692 1232 pro

226 1244 439 1295 Sophocle,
461 1244 528 1295 qui
548 1244 706 1283 decreto
727 1259 797 1284 suo
821 1246 1075 1297 philosophos
1101 1245 1237 1285 Attica
1259 1251 1455 1296 exegerat,
1477 1257 1592 1294 quam
1615 1244 1694 1283 lau-

226 1306 294 1344 dat
313 1307 527 1345 Aristocles
548 1307 654 1358 apud
676 1308 818 1346 Euseb.
841 1309 885 1346 P.
909 1308 1050 1348 E.XV.
1072 1313 1110 1346 2.
1128 1321 1167 1358 p.
1188 1311 1281 1348 ¹791.
1306 1313 1344 1345 et
1364 1307 1594 1352 Athenaeus,
1614 1318 1693 1344 non

227 1367 430 1406 consultus
449 1381 470 1405 a
488 1370 549 1406 Fr.
567 1369 723 1420 Vigerio
744 1370 792 1407 ad
812 1370 956 1408 Euseb.
978 1369 1026 1406 V.
1044 1382 1084 1419 p.
1100 1373 1194 1410 187.
1210 1369 1261 1406 D.
1276 1372 1368 1407 215.
1385 1369 1432 1406 C.
1449 1368 1523 1405 XI.
1544 1380 1584 1418 p.
1598 1370 1692 1407 508.

226 1429 270 1467 F.
303 1433 395 1468 509.
425 1431 473 1467 A.
498 1430 613 1467 XIII.
636 1443 674 1480 p.
691 1435 783 1468 610.
805 1432 848 1469 F.
905 1431 1089 1469 Secundo
1121 1430 1303 1469 Athenaei
1336 1430 1426 1468 loco
1455 1429 1511 1467 sic
1539 1428 1691 1467 editur:

226 1491 309 1540 περὶ
324 1487 377 1529 ὦν
398 1491 625 1542 Δημοχάρης
644 1492 666 1536 ἢ
689 1491 839 1540 Κράτης
858 1491 992 1540 ἔλεγεν
1012 1494 1135 1542 ὥσπερ
1155 1492 1194 1529 ἐκ
1209 1490 1398 1542 θύμβρας.
1454 1489 1530 1528 Sed
1553 1489 1693 1528 tollen·

225 1550 320 1588 dum
332 1552 355 1596 ἢ
369 1551 535 1600 Κράτης,
552 1551 658 1601 quod
673 1558 730 1590 est
747 1553 890 1591 librarii
910 1552 1127 1591 dubitantis
1142 1552 1370 1604 Δημοχάρης
1385 1564 1435 1589 an
1451 1550 1693 1602 Δημοκράτης

225 1617 328 1649 esset
353 1611 616 1650 scribendum.
682 1614 742 1651 De
773 1614 1028 1652 Democharis
1049 1613 1212 1652 historia
1236 1614 1290 1651 ita
1319 1612 1458 1651 Cicero
1478 1613 1602 1651 Bruto
1624 1617 1692 1654 83.

226 1677 253 1694 “
268 1672 532 1711 Demochares
543 1680 672 1712 autem
690 1675 760 1724 qui
781 1675 853 1713 fuit
874 1675 1134 1713 Demostheni
1148 1675 1290 1712 sororis
1304 1673 1424 1719 filius,
1441 1680 1480 1712 et
1493 1675 1689 1713 orationes

225 1733 393 1784 scripsit,
415 1740 455 1772 et
477 1747 609 1772 earum
627 1747 754 1773 rerum
775 1736 990 1781 historiam,
1013 1749 1102 1786 quae
1123 1742 1233 1774 erant
1246 1735 1414 1774 Athenis
1433 1735 1554 1786 ipsius
1576 1741 1694 1774 aetate

226 1802 362 1845 gestae,
384 1808 460 1832 non
483 1801 557 1833 tam
576 1795 777 1843 historice,
799 1810 915 1847 quam
933 1797 1102 1835 oratorio
1117 1809 1258 1848 genere
1273 1796 1536 1847 perscripsit.”
1574 1797 1692 1841 Quod

230 1856 474 1894 verissimum
500 1869 583 1894 esse
605 1858 815 1907 judicium,
837 1871 964 1906 nemo,
985 1859 1051 1909 qui
1072 1871 1161 1909 quae
1182 1872 1229 1897 ex
1249 1859 1313 1896 illa
1338 1859 1485 1897 habent
1505 1859 1695 1911 Polybius

226 1918 253 1954 l.
275 1931 311 1956 c.
334 1926 372 1955 et
393 1918 607 1957 Athenaeus
625 1920 696 1957 VI.
716 1932 754 1969 p.
774 1924 866 1959 252.
888 1921 930 1958 F.
944 1920 1094 1971 legerit,
1108 1920 1319 1959 dubitabit.
1365 1920 1559 1959 Lucianus
1579 1921 1695 1959 etiam

226 1978 265 2016 in
286 1980 505 2018 Macrobiis
519 1993 557 2030 p.
574 1984 666 2019 214.
689 1981 774 2030 ejus
795 1981 996 2020 historiam
1016 1981 1161 2020 laudat.
1217 1981 1304 2019 Nec
1325 1981 1494 2027 aliunde,
1515 1994 1632 2031 quam
1646 1994 1696 2020 ex

229 2039 406 2087 historia,
428 2040 566 2079 hausta
587 2041 785 2087 videntur,
809 2055 897 2093 quae
918 2056 964 2080 ex
985 2042 1230 2081 Demochare
1247 2042 1345 2080 citat
1365 2042 1597 2080 Plutarchus
1620 2042 1698 2081 De-

233 2102 376 2140 mosth.
393 2105 423 2148 ξ.
443 2105 491 2139 λ’.
530 2103 676 2141 Praeter
697 2103 898 2142 historiam
912 2111 953 2142 et
965 2105 1158 2142 orationes
1179 2103 1446 2141 Demochares
1466 2103 1582 2142 etiam
1602 2103 1697 2142 scri-

233 2163 312 2213 psit
328 2163 527 2214 Dialogus.
544 2164 779 2214 Harpocrat.
795 2165 1070 2217 ν.’Ίσχανδρος
1089 2188 1141 2194 -
1162 2164 1256 2203 δοκεῖ
1275 2165 1310 2203 δ’
1326 2167 1424 2217 αὐτῷ
1445 2165 1697 2216 [Ischandro]

139 2233 216 2268 181
235 2227 592 2275 συνυποκρινόμενος
605 2225 797 2278 Αἰσχίνης
817 2227 836 2264 ὁ
852 2228 970 2278 ῥήτωρ
985 2227 1025 2265 ἐν
1039 2227 1217 2279 Κολυττῷ
1234 2232 1474 2274 καταπεσεῖν,
1489 2225 1589 2264 καθά
1608 2235 1698 2280 φησι

232 2285 463 2337 Δημοχάρης
482 2286 522 2324 ἐν
538 2292 615 2330 τοῖς
635 2289 855 2336 Διαλόγοις.
894 2289 1125 2340 Quanquam
1140 2289 1244 2327 hunc
1258 2289 1386 2327 locum
1406 2288 1444 2326 in
1457 2288 1696 2339 corruptelae

232 2347 495 2398 suspicionem
522 2347 684 2386 adducit
713 2349 1122 2389 Pseudo-Plutarchus
1148 2350 1186 2388 in
1209 2350 1309 2388 Vitis
1338 2351 1389 2388 X.
1416 2355 1512 2387 orat.
1542 2363 1582 2400 p.
1602 2354 1696 2390 480.

232 2409 420 2458 tragicam
441 2408 640 2447 AEschinis
661 2423 798 2448 vocem
818 2410 1052 2449 confirmans
1072 2425 1150 2450 non
1166 2425 1212 2449 ex
1233 2410 1489 2449 Democharis
1511 2410 1695 2462 Dialogo,

232 2468 301 2506 sed
321 2469 359 2506 ἐκ
389 2474 452 2507 τοῦ
480 2470 727 2524 Δημοχάρους
752 2473 884 2520 λόγου.
941 2472 1280 2517 Quemadmodum
1312 2471 1577 2510 Demochares
1605 2477 1696 2522 post

233 2535 399 2567 mortem
425 2543 447 2567 a
467 2530 631 2578 Timaeo,
655 2532 711 2570 sic
738 2533 846 2570 vivus
866 2532 1114 2572 vehementer
1139 2539 1300 2572 vexatus
1320 2539 1378 2572 est
1399 2532 1449 2571 ab
1469 2533 1696 2572 Archedico

233 2590 412 2638 Comico‚
437 2592 504 2643 qui
531 2592 634 2630 illum
656 2593 838 2643 negabat,
857 2602 1018 2645 propter
1037 2596 1124 2634 vitae
1148 2596 1444 2634 obscoenitatem
1466 2601 1589 2645 atque
1615 2595 1695 2635 oris

232 2651 470 2702 spurcitiem,
486 2654 588 2700 ἄξιον
607 2653 703 2692 εἶναι
724 2655 764 2693 τὸ
785 2654 880 2706 ἱερὸν
898 2661 969 2707 πῦρ
988 2661 1090 2709 φυσᾷ
1096 2674 1127 2695 ν.
1150 2658 1203 2696 sic
1223 2671 1243 2695 e
1259 2658 1409 2695 Timaeo
1429 2664 1559 2695 narrat
1576 2658 1694 2710 Poly-

231 2712 317 2750 bius
331 2713 356 2751 l.
379 2727 417 2752 c.
444 2714 590 2753 Verum
610 2715 713 2753 idem
727 2717 900 2755 Timaeus
920 2718 1024 2768 apud
1049 2718 1208 2757 Suidam
1227 2733 1260 2756 v.
1281 2717 1310 2771 ᾧ
1327 2719 1368 2758 τὸ
1390 2720 1485 2770 ἱερὸν
1504 2727 1592 2771 πῦρ,
1612 2733 1692 2758 non

234 2773 508 2823 Archedicum,
527 2776 594 2814 sed
613 2777 899 2825 Democlidem,
919 2778 1034 2828 hujus
1051 2780 1216 2818 convicii
1237 2787 1437 2818 auctorem
1458 2787 1593 2819 vocat:
1622 2780 1692 2819 Τι’-

230 2850 341 2884 μαιος
361 2836 400 2873 ἐν
420 2840 476 2884 λη’
499 2838 680 2887 ἱστοριῶν,
696 2842 745 2883 ὡς
765 2840 893 2891 οἱπερὶ
910 2840 1162 2891 Δημοκλείδην
1188 2844 1281 2879 κατὰ
1300 2841 1548 2896 Δημοχάρους
1567 2840 1687 2889 εἶπον,

230 2894 286 2933 ὅτι
312 2898 412 2948 μόνῳ
440 2901 538 2950 αὐτῷ
565 2905 715 2939 πάντων
738 2900 956 2947 Ἀθηναίων
981 2904 1045 2939 οὐκ
1071 2901 1185 2948 ’ἔξεστι
1214 2902 1254 2940 τὸ
1283 2903 1380 2952 ἱερὸν
1410 2907 1482 2952 πῦρ
1508 2909 1687 2953 φυσῆσαι.

230 2955 356 3001 Quem
374 2958 640 3000 Democlidem
666 2963 871 3002 Coniicum
893 2976 975 3002 esse
996 2963 1158 3003 credunt
1181 2963 1408 3014 Leopardus
1427 2965 1452 3003 l.
1472 2976 1507 3004 c.
1528 2964 1684 3003 Kuster.
