1816 3272
421 238 756 287 LECTIONES
791 236 1192 281 ANDOCIDEAE.
1437 235 1517 276 221

65 344 203 397 Neque
226 347 324 386 ultra
344 353 490 386 certam
510 353 665 386 aetatem
685 347 828 385 ducere
848 348 934 398 quis
955 347 1191 398 cogebatur-3
1221 344 1274 383 ait
1289 343 1390 383 enim
1403 343 1524 382 Phor-

63 411 143 446 mio
161 423 198 447 v.
215 413 282 449 75.

239 501 265 519 “
280 495 390 533 Tuus
409 501 468 533 est
489 495 693 539 damnatus
714 502 866 546 gnatus,
888 509 966 533 non
987 502 1049 533 tu:
1081 509 1166 533 nam
1189 501 1256 533 tua

279 557 524 595 Praeterierat
538 557 620 608 jam
640 558 688 595 ad
710 558 932 596 ducendum
953 558 1143 596 aetas.——''

67 650 197 701 Hujus
211 651 311 702 juris
332 652 431 690 ratio
451 652 662 690 secundum
683 652 904 690 Terentium
927 651 966 689 d.
988 653 1013 689 l.
1033 665 1068 689 v.
1088 655 1153 690 68.
1175 656 1257 692 est:

238 753 265 773 “
282 749 337 787 Ut
356 762 403 787 ne
423 748 516 799 quid
538 755 651 800 turpe
672 748 764 786 civis
785 748 823 786 in
842 761 881 786 se
903 747 1127 785 admitteret

277 811 444 862 Propter
461 810 766 863 egestatem.——''

65 903 184 947 Quod
206 916 295 942 vero
316 904 455 943 ultimo
476 904 563 943 loco
586 905 672 943 Lex
689 903 800 951 dicit,
818 916 934 954 posse
953 901 1190 953 quicumque
1210 900 1318 945 velit,
1340 912 1524 938 accusare.

64 964 185 1012 illum,
204 968 271 1015 qui
291 972 427 1004 contra
446 966 546 1004 hanc
569 967 709 1017 Legem
740 965 872 1010 faciat,
902 969 1065 1014 apparet
1096 975 1254 1012 quoque
1284 975 1331 999 ex
1350 961 1524 999 Terentii

65 1027 297 1066 Phormione
316 1029 366 1066 A.
384 1028 418 1066 I.
440 1029 506 1066 Sc.
528 1031 565 1066 2.
587 1041 622 1066 v.
643 1031 709 1068 77.
728 1026 797 1064 ubi
817 1026 1000 1064 Phormio
1028 1025 1104 1063 hoc
1134 1023 1338 1062 consilium
1369 1022 1524 1061 dedisse

65 1095 243 1128 narratur
261 1090 501 1141 Antiphoni:

239 1184 362 1235 “Ego
382 1189 421 1222 te
437 1190 645 1233 cognatum
663 1183 805 1231 dicam,
826 1189 866 1221 et
882 1182 953 1220 tibi
975 1181 1140 1219 scribam
1160 1180 1310 1218 dicam:

277 1246 484 1283 Paternum
507 1245 673 1284 amicum
696 1260 755 1283 me
775 1243 1011 1283 assimulabo
1032 1242 1204 1293 virginis.

276 1304 507 1354 Adjudices
530 1306 728 1344 veniemus
745 1319 754 1343 ε
784 1305 850 1354 qui
870 1304 986 1342 fuerit
1005 1310 1129 1354 pater,

280 1368 380 1412 Quae
404 1374 536 1415 mater,
559 1368 625 1417 qui
646 1374 813 1419 cognata
834 1367 905 1405 tibi
925 1367 994 1412 sit3
1026 1365 1153 1404 omnia
1174 1365 1260 1403 haec

279 1428 534 1479 Confingam:
565 1429 670 1478 quod
688 1430 759 1467 erit
777 1429 870 1467 mihi
892 1430 1036 1467 bonum
1057 1433 1176 1478 atque
1197 1425 1472 1466 commodum:

279 1491 408 1535 Quum
429 1497 470 1529 tu
491 1491 629 1529 horum
649 1491 746 1529 nihil
764 1490 931 1537 refelles,
949 1489 1101 1528 vincam
1122 1488 1311 1528 seilicet.'’

66 1586 169 1625 Illud
196 1593 325 1626 autem
345 1588 466 1626 lsaeus
486 1587 600 1626 latius
620 1589 735 1626 etiam
761 1586 949 1634 extendit,
972 1586 1040 1636 qui
1060 1585 1176 1623 docet
1197 1583 1373 1622 universe
1400 1584 1527 1624 cuivis

66 1649 233 1697 licuisse,
254 1663 326 1701 per
351 1652 600 1699 εἰσαγγελίαν
619 1663 730 1700 opem
752 1649 851 1687 ferre
873 1655 956 1692 ταῖς
977 1649 1205 1698 ἑπικλήροις,
1228 1646 1258 1684 si
1286 1646 1383 1684 male
1403 1659 1425 1684 a
1446 1660 1527 1684 ma-

65 1710 149 1748 ritis
168 1710 250 1749 istis
273 1718 543 1758 tractarentur,
565 1711 612 1749 de
633 1712 772 1763 Pyrrhi
793 1711 940 1749 Hered.
954 1724 992 1761 p.
1017 1714 1084 1747 42.
1103 1722 1137 1747 v.
1159 1712 1223 1746 25.
1246 1721 1354 1758 seqq.
1386 1708 1528 1747 Μόνων

65 1776 204 1810 τούτων
222 1779 295 1811 τῶν
315 1772 421 1811 δικῶν
440 1773 645 1811 ἀκινδύνων
664 1779 742 1816 τοῖς
763 1773 954 1811 διώκουσιν
973 1773 1107 1817 οὖσιῖιν,
1130 1773 1188 1809 καὶ
1211 1771 1290 1818 ἐξὸν
1311 1774 1360 1822 τῷ
1385 1768 1526 1818 βουλο-

66 1838 166 1887 μένῳ
191 1833 341 1883 βοηθεῖν
368 1842 452 1880 ταῖς
479 1836 704 1887 ἐπικλήροις·
726 1837 809 1874 οὔτε
840 1837 912 1886 γὰρ
946 1835 1131 1886 ἐπιτίμιον
1159 1839 1245 1876 ταῖς
1270 1833 1360 1884 πρὸς
1380 1833 1445 1871 τὸν
1465 1834 1529 1884 ἄρ-

65 1913 188 1948 χοντα
207 1898 467 1946 εἶσαγγελίαις
487 1899 630 1936 ἔνεστιν
649 1897 738 1947 (leg.
759 1911 848 1935 cum
871 1897 1030 1935 Reiskio
1055 1895 1220 1944 ἐ’πεστιν)
1245 1895 1318 1933 οὐδ’
1336 1896 1402 1933 ἐὰν
1429 1895 1529 1934 οὔδε-

65 1962 160 2010 μίαν
177 1965 251 1998 τῶν
271 1959 404 2011 ψήφων
423 1960 457 1997 οἶ
475 1962 788 2009 εἷσαγγείλαντες
808 1959 1091 2012 μεταλάβωσιν·
1113 1959 1194 1996 οὔτε
1212 1960 1428 2009 πρυτανεία,
1449 1956 1528 1997 οὔτε

66 2021 303 2072 παράστασις
322 2022 474 2074 οὐδεμία
493 2021 629 2060 τίθεται
649 2029 722 2060 τῶν
743 2024 1008 2070 εἰσαγγελιῶν·
1027 2023 1129 2058 ἀλλὰ
1153 2025 1232 2062 τοῖς
1250 2019 1319 2070 μὲν
1340 2019 1535 2059 διώκουσιν

67 2082 267 2125 ἀκινδύνως
295 2084 563 2132 εἰσαγγέλλειν
596 2082 710 2130 ἔξεστι
746 2087 794 2135 τῷ
827 2082 1056 2135 βουλομένῳ,
1092 2088 1169 2125 τοῖς
1207 2082 1236 2120 δ’
1269 2083 1533 2132 ἁλισκομένοις

66 2143 228 2195 ἔσχαται
241 2148 411 2196 τιμωρίαι
429 2150 513 2188 ταῖς
528 2145 789 2194 εἶσιῑγγελίαις
803 2144 956 2183 ἔπεισιν.
987 2144 1277 2196 Harpocration
1297 2158 1334 2182 v.
1349 2147 1526 2194 εἰσαγγε-

68 2204 134 2242 λία
164 2211 241 2243 tres
273 2205 388 2254 hujus
422 2207 685 2244 accusationis
718 2207 867 2256 species
901 2207 1095 2257 explicat:
1138 2219 1251 2244 unam
1281 2206 1331 2243 de
1359 2207 1529 2256 publicis

69 2266 308 2312 criminibus,
339 2267 389 2305 de
419 2267 561 2317 quibus
590 2268 670 2305 Lex
703 2281 779 2305 non
810 2268 1037 2306 nominatim
1066 2273 1220 2318 ageret:
1251 2267 1429 2315 alteram,
1450 2282 1529 2319 qua

68 2329 279 2366 utebantur
297 2328 481 2367 adversus
502 2329 687 2376 arbitros,
715 2330 780 2379 qui
809 2329 907 2367 mala
929 2329 1005 2368 fide
1026 2329 1218 2380 egissent:
1248 2328 1353 2381 ἑτέρα
1383 2329 1434 2378 δὲ,
1460 2331 1531 2369 ad-

69 2390 140 2438 dit,
161 2393 388 2440 εἰσαγγελία
416 2393 569 2440 λέγεται
597 2392 657 2429 ἐπὶ
687 2398 771 2435 ταῖς
801 2397 1016 2430 κακώσεσιν’
1051 2391 1160 2430 αὗται
1190 2391 1226 2429 δὲ
1255 2394 1325 2430 εἰσὶ
1353 2392 1446 2444 πρὸς
1465 2393 1535 2433 τὸν

68 2453 252 2509 ἄρχοντα,
274 2454 334 2489 καὶ
352 2455 400 2505 τῷ
422 2451 584 2491 διώκοντι
602 2455 760 2505 ἀζήμιοι,
782 2452 851 2503 κᾷν
870 2456 920 2506 μὴ
939 2453 1136 2510 μεταλάβῃ
1163 2454 1203 2492 τὸ
1223 2454 1391 2506 πεμπτὸν
1415 2459 1531 2507 μέρος

69 2521 144 2552 τῶν
163 2515 305 2566 ψήφων.
359 2516 414 2552 At
430 2515 566 2553 Pollux
583 2515 607 2554 l.
623 2515 738 2554 VIII.
757 2530 786 2553 s.
807 2520 871 2555 53.
891 2517 969 2558 ait:
997 2516 1237 2566 Δημοσθένης
1259 2517 1287 2555 δ’
1306 2517 1347 2555 ἐν
1366 2521 1415 2569 τῷ
1436 2520 1531 2556 κατὰ

68 2575 259 2619 ΝῙέδοντος
294 2578 352 2614 καὶ
381 2579 477 2615 κατὰ
507 2584 580 2616 τῶν
610 2580 661 2629 μὴ
690 2580 950 2630 προσηκόντων
978 2581 1022 2634 τῇ
1050 2579 1233 2631 ἐπικλήρῳ
1263 2579 1533 2617 συνοικούντων

70 2637 275 2686 γίγνεσθαι
307 2640 374 2681 τὰς
404 2640 653 2689 εἰσαγγελίας
685 2643 804 2689 λέγει.
860 2640 970 2678 Licet
993 2640 1109 2690 igitur
1130 2640 1218 2690 quis
1246 2640 1307 2677 vel
1335 2652 1381 2676 ex
1409 2644 1529 2677 testa-

70 2705 216 2749 mento,
232 2700 292 2736 vel
311 2713 358 2737 ex
372 2700 542 2749 judicio,
564 2701 723 2739 haberet
745 2702 956 2752 ἐπίκληρον,
984 2708 1111 2740 tamen
1134 2702 1198 2740 illa
1228 2706 1383 2752 poterat
1403 2701 1528 2739 evinci

69 2773 92 2799 a
108 2766 276 2812 cognato
295 2763 490 2812 propiore,
507 2776 671 2813 quorum
689 2763 795 2814 prius
810 2764 959 2814 legibus
976 2776 1051 2802 non
1068 2763 1185 2802 fuisse
1207 2762 1354 2801 licitum
1376 2762 1532 2802 videtur

69 2822 242 2861 indicare
274 2823 381 2861 locus
411 2824 682 2876 Aristophanis
709 2831 799 2863 ante
828 2825 893 2863 cit.
915 2832 953 2864 et
980 2826 1069 2863 Isaei
1088 2826 1137 2863 de
1158 2823 1296 2876 Pyrrhi
1317 2823 1464 2862 Hered.
1485 2837 1527 2876 p.

69 2887 134 2922 44.
156 2897 188 2921 ν.
207 2887 274 2922 21.
297 2897 409 2935 seqq.
431 2885 591 2924 alterum
622 2886 780 2924 licuisse
809 2886 848 2924 in
879 2886 1060 2924 confesso
1088 2892 1159 2931 est,
1181 2891 1219 2922 et
1240 2884 1432 2923 actionem
1453 2884 1527 2923 hac

70 2946 109 2984 in
131 2959 170 2984 re
192 2946 372 2984 usitatam
401 2947 518 2986 fuisse
547 2950 777 3000 πρόσκλησιν
809 2948 888 2987 sive
915 2951 1135 2999 πρόκλησιν,
1169 2953 1334 2998 apparet
1365 2960 1412 2985 ex
1445 2947 1527 2986 De-

70 3007 212 3047 mosth.
234 3021 270 3046 c.
305 3008 468 3048 Macart.
491 3022 530 3060 p.
552 3014 671 3050 1054.
693 3014 757 3049 25.
789 3010 1026 3049 Archontem
1059 3009 1238 3048 habuisse
1272 3007 1322 3047 de
1357 3007 1414 3047 his
1446 3008 1525 3047 liti-
