1878 3272
367 239 450 282 DE
481 238 873 282 ANTIPHONTE
906 239 1079 283 ORAT.
1110 239 1348 283 ATTICO.
1562 242 1588 282 3

128 345 225 384 doro
246 346 380 386 Siculo
398 349 470 386 XI.
486 353 552 387 85.
573 353 740 395 constat,
754 348 914 399 Gorgiae
936 349 1141 401 disciplina
1156 363 1248 389 usus
1269 351 1333 396 sit,
1349 350 1379 389 si
1400 350 1431 389 is
1447 351 1585 402 Olym-

127 408 242 458 piade
260 410 416 448 demum
443 411 618 448 LXXX.
644 410 772 448 lucem
792 410 930 448 viderit
944 412 962 449 ‘l
1002 411 1101 449 Haec
1125 411 1156 449 si
1175 413 1276 450 inter
1295 424 1336 450 se
1357 411 1589 450 contulisset

129 469 181 507 H.
202 470 430 509 Dodwellus
449 471 589 509 Exere.
611 471 666 510 ΙΙ.
695 471 745 510 de
765 472 894 509 AEtate
924 471 1089 522 Pythag
1110 486 1152 523 p.
1178 477 1269 511 218.
1290 472 1400 511 aliter
1428 486 1516 511 suas
1536 473 1586 511 de

128 531 288 582 Gorgiae
308 538 423 571 aetate
444 533 612 571 rationes
637 533 881 571 instituisset.
942 533 1021 571 Sed
1043 534 1184 583 quaerit
1212 535 1392 573 Olearius
1417 534 1466 572 ad
1498 534 1586 572 Phi-

129 593 237 632 lostr.
258 594 281 632 l.
303 608 337 632 c.
359 595 573 645 quomodo,
589 594 694 645 quod
717 595 856 632 Suidas
873 594 922 632 dc
943 596 1094 646 Gorgia
1114 596 1274 635 Periclis
1290 597 1476 649 magistro
1497 610 1584 636 nar-

127 662 202 700 rat,
222 668 353 693 verum
374 669 456 693 esse
479 663 611 707 queat,
633 657 677 707 si,
700 657 805 707 quod
836 656 1002 696 Diodor.
1024 658 1147 696 Sicut.
1174 659 1268 696 XII.
1290 663 1356 697 53.
1385 660 1453 707 ait,
1477 660 1583 698 Gor-

127 717 205 766 gias
222 716 422 755 Leontinae
437 717 641 768 legationis
658 719 854 769 princeps,
879 718 1053 756 Athenas
1075 719 1231 757 demum
1251 722 1400 759 venerit
1421 722 1584 772 Olymp.

128 778 399 825 LXXXVIII,
426 783 464 817 2.
495 780 721 830 Respondet
755 793 825 830 pro
855 781 964 818 nobis
997 781 1066 818 Vir
1093 782 1290 829 Summus,
1317 795 1440 832 nuper
1466 783 1586 821 literis

125 840 265 878 nostris
285 841 428 878 acerbo
444 840 525 879 fato
546 848 718 892 ereptus,
739 842 783 880 P.
804 842 1076 892 Wesselingius
1097 843 1147 881 ad
1170 843 1336 882 Diodor.
1359 844 1479 882 Sicul.
1496 844 1523 882 l.
1544 858 1581 884 c.

124 901 314 951 Gorgiam
330 902 446 940 etiam
466 909 555 941 aute
575 902 667 940 illud
689 910 841 953 tempus
861 904 1034 941 Athenas
1053 904 1272 954 profectum
1295 905 1431 943 videri.
1462 905 1581 949 Quod

121 963 363 1001 verissimum
378 977 475 1012 esse,
492 979 538 1003 ex
558 965 643 1014 ipso
660 964 895 1003 Philostrato
911 977 952 1015 p.
973 969 1065 1005 493.
1081 965 1256 1017 colligas,
1270 973 1463 1014 narrante,
1481 967 1585 1005 Gor-

123 1024 222 1075 giam
247 1025 502 1064 Athenienses
522 1034 657 1064 contra
676 1027 813 1065 Persas
834 1026 1029 1074 incitasse,
1049 1034 1089 1065 et
1107 1041 1188 1074 eos,
1209 1028 1277 1078 qui
1297 1028 1336 1066 iu
1358 1041 1488 1079 pugna
1511 1030 1582 1067 Sa-

124 1085 284 1124 laminia
311 1087 560 1136 cecidissent,
590 1088 766 1126 oratione
800 1088 954 1126 funebri
981 1089 1200 1128 decorasse.
1257 1090 1417 1128 Accidit
1450 1095 1581 1129 autem

125 1148 189 1186 illa
216 1161 348 1199 pugna
369 1150 528 1200 Olymp.
557 1150 723 1200 LXXV,
745 1155 783 1188 1.
839 1150 925 1188 Nec
949 1151 1038 1189 inde
1058 1151 1190 1202 aliqua
1216 1151 1428 1190 difficultas
1448 1152 1585 1200 oritur,

124 1209 232 1259 quod
263 1209 314 1247 ab
348 1210 487 1248 eodem
526 1210 646 1248 Suida
684 1210 852 1260 Gorgias
886 1211 1033 1249 dicitur
1064 1212 1245 1262 magister
1279 1213 1479 1259 Isocratis,
1512 1214 1583 1263 qui

123 1271 346 1322 Olympiad.
375 1271 602 1318 LXXXVI,
629 1276 667 1310 1.
698 1271 855 1310 demum
885 1279 998 1311 natus
1027 1279 1100 1311 est.
1163 1273 1291 1311 Facile
1324 1274 1426 1311 enim
1457 1275 1582 1313 omnis

119 1331 314 1371 dubitatio
343 1333 505 1380 tollitur,
541 1334 570 1371 si
602 1333 651 1372 ad
680 1333 941 1384 longissimam
971 1335 1131 1385 Gorgiae
1163 1340 1333 1382 aetatem,
1362 1336 1411 1373 ad
1438 1348 1582 1375 annum

124 1407 247 1445 usque
269 1394 378 1432 CIX.
400 1401 638 1445 provectam,
658 1395 826 1434 animum
844 1396 1105 1436 attendamus.
1162 1398 1287 1435 Immo
1301 1397 1374 1435 sub
1395 1397 1583 1448 puerilem

123 1461 280 1494 aetatem
302 1455 487 1494 Isocratis
515 1456 678 1494 maxime
701 1457 739 1495 in
768 1457 924 1496 Graecia
944 1456 1075 1497 floruit
1101 1457 1286 1509 Gorgias.
1343 1458 1483 1508 Itaque
1502 1459 1582 1497 Eu—

122 1519 251 1558 sebius
270 1518 308 1556 in
329 1518 526 1557 Chronico
547 1520 655 1558 illum
678 1518 793 1557 refert
817 1519 867 1558 ad
898 1520 1058 1571 Olymp.
1081 1520 1310 1558 LXXXVI.
1339 1533 1416 1559 nou
1435 1534 1581 1561 anuum

121 1581 288 1620 natalem
307 1579 526 1631 designans,
547 1582 614 1620 sed
635 1588 803 1632 tempuS,
823 1595 902 1632 quo
922 1582 960 1620 in
980 1582 1114 1633 primis
1133 1582 1219 1632 ejus
1240 1596 1383 1620 nomen
1404 1583 1581 1622 celebra-

122 1649 204 1681 tum
226 1643 289 1681 sit.
351 1644 408 1681 Ex
436 1643 494 1681 his
513 1643 682 1681 breviter
707 1644 916 1694 disputatis
941 1657 1083 1694 cogere
1115 1645 1224 1691 licet,
1252 1645 1456 1695 Gorgiam,
1477 1644 1580 1685 sicut

122 1704 269 1744 Plinius
300 1705 410 1751 dicit,
435 1704 520 1754 jam
550 1703 724 1743 floruisse
756 1705 995 1756 Olympiade
1026 1705 1153 1743 LXX.
1185 1712 1303 1755 atque
1327 1706 1431 1744 adeo
1463 1706 1579 1747 Anti-

121 1767 309 1818 phontem
341 1767 491 1817 Gorgia
517 1765 635 1804 fuisse
655 1766 869 1815 juniorem.
926 1768 1040 1805 Forte
1069 1780 1142 1805 nec
1169 1767 1335 1806 alienum
1366 1767 1482 1806 fuerit
1502 1775 1581 1806 sta-

120 1834 242 1874 tuere,
261 1828 543 1880 Antiphontem
563 1827 756 1866 audivisse
786 1828 974 1879 Gorgiam
996 1828 1218 1874 docentem,
1240 1830 1300 1867 vel
1321 1830 1479 1880 publice
1500 1830 1580 1869 dis-

117 1896 333 1942 putantem.
390 1890 468 1929 Sed
493 1890 584 1936 hoc,
610 1889 830 1928 tacentibus
859 1888 1055 1928 historicis
1083 1889 1273 1940 antiquis,
1301 1890 1340 1928 in
1366 1891 1497 1929 medio
1521 1904 1580 1930 re·

122 1954 347 2005 linquimus.

175 2009 433 2054 Philostratus
454 2015 504 2054 de
523 2014 625 2053 Vitis
647 2013 818 2065 Sophist.
840 2014 872 2052 Ι.
890 2026 930 2064 p.
955 2019 1050 2053 489.
1070 2020 1109 2052 et
1128 2014 1360 2053 Plutarchus
1384 2016 1409 2055 l.
1431 2029 1467 2054 c.
1496 2016 1577 2054 An-

117 2079 350 2130 tiphontem,
376 2079 549 2124 tradunt,
574 2078 674 2116 bene
703 2077 858 2115 dicendi
886 2082 967 2114 arte
994 2076 1185 2114 imbutum
1211 2089 1295 2115 esse
1320 2090 1342 2114 a
1370 2084 1482 2128 patre
1507 2078 1579 2115 So-

117 2141 242 2192 philo,
255 2141 413 2191 quinon
433 2139 549 2178 modo
568 2138 802 2177 rhetoricam
821 2138 993 2176 scholam
1007 2138 1215 2188 aperuerit,
1233 2137 1300 2176 sed
1316 2138 1430 2176 etiam
1445 2138 1578 2188 plures

118 2202 338 2242 illustrioris
363 2201 440 2240 loci
459 2202 643 2251 juvenes,
667 2203 706 2239 in
737 2201 795 2239 his
821 2199 1082 2246 Alcibiadem,
1111 2199 1337 2238 erudiverit.
1393 2200 1472 2238 Sed
1499 2201 1576 2240 hoc

117 2264 157 2303 in
185 2264 348 2302 dubium
373 2271 489 2302 vocat
516 2263 865 2302 preest-amissimus
889 2263 1081 2313 Taylorus
1110 2262 1222 2300 Lect.
1244 2262 1398 2314 Lysiae.
1419 2275 1456 2300 o.
1481 2263 1576 2302 VII.

119 2327 227 2378 quod
247 2327 339 2364 satis
359 2326 515 2364 aliunde
535 2331 701 2370 constet,
721 2324 856 2363 ludum
876 2323 1106 2364 Rhetorices
1125 2323 1248 2361 multo
1269 2323 1389 2362 serius
1408 2324 1575 2363 Athenis

104 2386 201 2428 ¹esse
221 2388 455 2427 institutum.
484 2387 601 2426 Certe
616 2386 755 2426 Cicero
774 2386 898 2424 Bruto
913 2399 949 2424 c.
970 2389 1036 2425 12.
1058 2385 1226 2436 Lysiam,
1248 2385 1402 2434 scribit,
1417 2387 1429 2408 ⁶
1445 2387 1573 2436 primo

112 2449 288 2503 profiteri
307 2450 462 2488 solitum
484 2454 606 2487 artem
632 2462 716 2488 esse
740 2447 927 2488 dicendi?
982 2446 1149 2486 Pharius
1177 2452 1216 2485 et
1238 2447 1412 2486 Pseudo
1415 2447 1570 2487 Plutar-

115 2513 258 2554 chusi.
279 2526 315 2552 c
330 2513 455 2564 ipsum
474 2511 760 2563 Antiphontem
776 2509 894 2559 hujus
914 2510 969 2549 rei
988 2522 1061 2548 au
1044 2516 1188 2548 torem
1209 2509 1396 2560 produnt.
1424 2510 1579 2550 Verum

115 2581 204 2615 ante
224 2574 381 2626 Lysiam
400 2579 438 2612 et
463 2573 749 2626 Antiphontem
771 2572 883 2611 talem
903 2570 1039 2611 ludum
1060 2570 1226 2610 Athenis
1245 2577 1449 2621 aperuerat
1468 2572 1573 2611 Gor-

115 2638 210 2688 gias,
232 2637 263 2675 si
283 2636 486 2675 credimus
504 2635 716 2685 Interpreti
741 2635 830 2674 MS.
851 2633 1083 2686 Aphthouii,
1100 2633 1215 2683 cujus
1235 2632 1434 2684 specimen
1455 2632 1569 2673 dedit

70 2698 73 2700 ’
115 2699 389 2738 Montfaucon.
410 2697 513 2737 Bibt.
542 2697 705 2736 coislin
733 2709 775 2748 p.
795 2700 888 2735 593
910 2695 974 2735 τὸν
993 2694 1031 2735 §sl
1059 2694 1093 2733 Γ
1093 2698 1233 2746 οργίαν
1254 2693 1453 2742 Αθηναῖοι
1471 2697 1576 2735 κατέ-

117 2776 226 2812 σχον,
244 2763 302 2798 me
319 2776 403 2804 τους
420 2760 561 2799 ἑαυτῶν
576 2758 715 2803 παῖδας
733 2774 770 2797 m
763 2759 926 2812 ιἰοέσχογ
945 2758 1043 2810 αὕη-ᾧ
1059 2758 1354 2808 μαθησομένους
1385 2756 1572 2794 Ceterum

115 2821 221 2873 quod
241 2821 497 2860 Philostratus
517 2826 555 2859 et
570 2819 805 2858 Plutarchus
822 2818 974 2864 dicunt,
993 2817 1237 2858 Alcibiadem
1259 2830 1280 2856 n
1300 2816 1465 2867 Sophilo
1483 2830 1571 2856 eru·

114 2883 254 2928 ditum,
273 2882 313 2920 id
340 2882 466 2933 ipsum
487 2881 624 2920 evertit
643 2881 890 2926 Plutarchus,
917 2892 1006 2919 cum
1027 2892 1116 2918 mox
1136 2879 1205 2924 ait,
1224 2877 1474 2928 Alcibiadem
1494 2891 1572 2918 nou

114 2944 188 2983 nisi
206 2957 335 2982 senem
355 2943 636 2994 Antiphontem
657 2943 789 2982 videre
814 2942 1006 2994 potuisse.
1063 2941 1104 2979 Si
1123 2940 1239 2991 igitur
1260 2925 1384 2979 fitium
1401 2953 1479 2979 non
1498 2940 1571 2981 nisi

114 3019 242 3046 senem
273 3004 384 3052 vidit,
414 3005 614 3056 quomodo
641 3012 752 3057 patre
782 3004 947 3056 Sophilo
981 3004 1038 3042 uti
1068 3003 1254 3054 magistro
1283 3002 1443 3054 potuit?
1472 3004 1573 3044 Haec
