1816 3272
388 226 725 270 LECTIONES
760 227 1159 271 ANDOCIDEAE.
1425 228 1503 270 185

53 335 233 387 προδότης
265 338 386 375 αὐτῶν
413 342 653 381 καταστῆναι.
710 336 766 373 At
795 339 826 374 si
853 335 937 374 haec
967 335 1042 374 loci
1068 334 1188 374 lectio
1215 347 1304 374 vera
1330 334 1391 381 sit,
1426 347 1503 372 non

52 410 231 449 proavus,
255 397 323 436 sed
344 397 491 436 abavus
511 395 727 436 Andocidis
748 395 863 435 fuerit
884 397 1076 448 Leogoras
1094 410 1105 436 z
1135 395 1241 447 quod
1260 395 1399 435 falsum
1421 409 1504 435 esse

50 465 91 498 et
110 460 220 498 locus
241 458 455 498 Andocidis
485 458 600 496 modo
628 459 766 497 allatus
793 464 832 496 et
859 464 1076 509 temporum
1106 460 1205 497 ratio
1231 458 1388 503 evincit,
1416 471 1502 496 curn

49 519 304 560 Pisistratidas
334 519 449 570 ejecti
474 520 548 558 sint
568 520 728 571 Olymp.
749 519 916 558 LXVII.
949 521 997 558 A.
1027 523 1065 557 3.
1123 520 1346 559 Andocides
1376 525 1503 558 autem

49 588 162 621 natus
179 582 228 621 sit
240 583 398 634 Olymp.
413 581 638 621 LXXVIII.
653 583 700 620 A.
722 586 759 621 1.
775 595 823 620 ne
839 580 966 620 dicam
979 582 1175 620 solennem
1192 583 1291 620 hanc
1306 581 1504 620 nominum

48 644 154 694 apud
175 643 432 683 Athenienses
461 643 583 682 fuisse
605 642 794 695 διαδοχὴν,
817 649 858 682 ut
877 644 935 681 avi
958 656 1097 681 nomen
1118 644 1253 694 nepoti
1280 644 1416 682 iterum
1436 642 1505 682 da-

45 712 162 744 retur.
200 704 290 743 Vid.
312 705 477 744 Palmer.
499 705 667 745 Exercit.
686 705 735 743 ad
756 707 876 745 Auct.
899 706 971 744 Gr.
994 719 1032 756 p.
1054 708 1149 746 754.
1167 709 1206 743 et
1224 704 1372 756 Taylor
1394 706 1503 743 Lect.

48 767 144 818 Lys.
163 781 197 807 c.
217 772 254 808 5.
286 767 392 818 quod
422 781 500 806 non
529 767 651 806 solum
682 768 850 814 maribus
869 774 952 806 erat
978 767 1192 819 proprium,
1220 768 1287 806 sed
1307 774 1346 806 et
1366 769 1503 819 puellae

47 842 187 868 nomen
213 830 306 869 aviae
328 829 439 880 quasi
460 830 731 869 hereditarium
748 830 1008 881 accipiebant.
1051 829 1143 871 Vid.
1160 830 1282 868 Isaeus
1303 829 1351 868 de
1369 826 1506 882 Pyrrhi

47 891 194 931 Hered.
214 905 252 944 p.
272 897 337 931 41.
359 905 394 930 v.
415 897 479 930 11.
521 890 564 930 Si
585 905 674 930 vero
695 892 796 932 hanc
817 892 1023 931 lectionem
1042 892 1290 940 retineamus,
1312 893 1507 931 successio

47 952 113 994 illa
131 954 327 993 nominum
348 954 386 992 in
405 952 551 993 familia
571 953 790 993 Andocidis
811 955 884 993 erit
909 954 1147 1006 interrupta:
1177 960 1230 1006 et,
1252 955 1282 992 si
1304 954 1366 992 hic
1386 953 1507 993 fuerit

46 1014 204 1063 abavus,
225 1014 359 1066 proavi
380 1027 506 1067 neque
525 1027 665 1054 nomen
685 1016 883 1066 cognitum
904 1022 976 1064 est,
1004 1029 1131 1066 neque
1153 1029 1228 1054 res.
1285 1016 1440 1066 Itaque,
1464 1022 1507 1054 ut

46 1075 95 1114 de
124 1076 267 1115 Reiskii
296 1075 525 1128 conjectura
552 1079 828 1129 πατρόπαππος
860 1083 1025 1124 taceam,
1061 1077 1166 1128 quod
1195 1077 1426 1116 vocabulum
1456 1090 1506 1115 ne

46 1139 232 1177 Graecum
253 1139 411 1190 quidem
439 1145 510 1186 est,
540 1139 672 1189 potius
702 1139 949 1179 scribendum
979 1141 1157 1179 existimo
1178 1140 1238 1179 vel
1258 1141 1424 1186 πάππος,
1444 1140 1504 1178 vel

45 1201 254 1252 προπάτωρ,
282 1200 320 1238 in
350 1200 463 1250 cujus
492 1200 619 1239 locum
646 1200 810 1240 fortasse
839 1203 1067 1252 πρόπαππος
1088 1202 1289 1249 successit,
1309 1214 1397 1240 cum
1418 1201 1504 1252 quis

43 1261 94 1300 ad
109 1261 383 1313 explicandum
405 1262 479 1301 hoc
498 1263 731 1302 vocabulum
752 1263 1089 1315 superscripsisset
1107 1264 1274 1308 πάππος.

97 1323 285 1374 Leogorae
310 1322 414 1362 filius
433 1323 675 1371 Andocides,
707 1324 884 1364 Oratoris
905 1337 1013 1372 avuS,
1033 1325 1182 1376 legatus
1203 1322 1504 1363 Atheniensium

44 1384 180 1436 patriae
199 1384 326 1424 foedus
354 1385 564 1424 tricennale
585 1399 674 1424 cum
703 1385 1012 1428 Lacedaemoniis
1039 1386 1273 1426 conciliavit.
1327 1385 1420 1423 Vid.
1440 1386 1506 1424 ΖΕ.

44 1447 198 1485 schines
215 1464 256 1486 π.
276 1465 310 1486 τ.
329 1447 569 1500 παραπρεσβ.
591 1462 632 1499 p.
652 1452 716 1488 51.
737 1462 772 1487 v.
793 1452 857 1488 22.
880 1449 961 1501 [ed.
984 1448 1143 1500 Steph.]
1168 1457 1207 1487 et
1228 1447 1294 1498 qui
1313 1460 1402 1486 eum
1422 1446 1504 1486 fere

42 1508 250 1560 descripsit
269 1510 422 1549 Auctor
443 1510 641 1549 Orationis
662 1509 711 1549 de
731 1510 850 1557 Pace,
881 1524 967 1559 quae
987 1511 1087 1549 inter
1105 1509 1356 1549 Andocideas
1383 1509 1507 1548 fertur

42 1584 83 1622 p.
104 1575 168 1610 24.
191 1585 227 1609 v.
246 1575 311 1609 13.
334 1571 514 1623 idemque
533 1571 939 1612 Pseudo-Plutarchus
969 1573 1007 1611 in
1038 1571 1244 1611 Andocide
1273 1571 1504 1618 confirmat:

37 1633 249 1681 Ἀνδοκίδης
265 1632 471 1686 Λεωγόρου
496 1634 564 1687 μὲν
592 1634 638 1682 ἧν
658 1636 799 1687 πατρὸς
821 1641 884 1675 τοῦ
905 1635 1119 1675 Ἀνδοκίδου
1144 1641 1208 1674 τοῦ
1234 1635 1388 1688 θεμένου
1413 1637 1503 1673 πότε

41 1696 140 1748 πρὸς
167 1695 491 1748 Λακεδαιμονίους
520 1699 665 1748 εἳρὴνην
689 1699 926 1745 Ἀθηναίοιςς
962 1697 1016 1736 ita
1045 1698 1148 1736 enim
1178 1697 1385 1748 legendum
1419 1711 1501 1737 esse

41 1756 141 1796 vidit
159 1757 218 1795 vir
236 1770 407 1796 summus
425 1757 466 1796 d.
485 1758 742 1798 Ruhnkenius
762 1759 790 1798 l.
812 1773 846 1798 c.

93 1819 276 1870 Sequitur
295 1824 336 1857 ut
359 1819 408 1857 de
428 1820 604 1872 Leogora
622 1820 796 1859 dicamus
819 1821 996 1860 Oratoris
1019 1828 1142 1873 patre,
1174 1834 1287 1873 quem
1315 1828 1499 1872 tanquam

39 1880 197 1919 mollem
218 1880 413 1919 hominem
435 1888 474 1919 et
494 1881 704 1921 delicatum
731 1896 778 1922 ac
805 1883 1006 1935 praecipue
1035 1884 1135 1935 gulae
1156 1884 1332 1923 deditum
1352 1883 1501 1922 Comici

41 1941 165 1980 Attici
191 1943 332 1993 saepius
362 1943 650 1995 perstringunt:
682 1945 738 1984 sic
766 1945 870 1997 apud
900 1946 1200 1997 Aristophanem
1221 1946 1329 1985 Nub.
1350 1959 1386 1984 v.
1406 1950 1498 1984 108.

42 2003 311 2055 Phidippides,
330 2004 395 2043 ubi
414 2017 454 2043 se
475 2005 525 2044 ad
544 2007 739 2045 Socratem
759 2007 903 2046 iturum
925 2013 1057 2059 negat,
1081 2007 1331 2059 musacium,
1351 2008 1496 2059 inquit:

305 2114 386 2154 Oz’nc
405 2117 464 2163 ἂν,
483 2119 539 2169 μοὶ
558 2118 622 2156 τὸν
638 2117 832 2165 Διόνυσον,
853 2122 882 2157 εἰ
903 2119 1004 2167 δοίης
1025 2122 1068 2169 γέ
1086 2137 1150 2172 μοι

300 2175 399 2220 Τούς
416 2177 638 2229 φασιανοῦς,
658 2182 721 2223 οὓς
739 2179 856 2232 τρέφει
873 2180 1098 2233 Λεωγόρας·

40 2300 136 2337 quos
154 2287 215 2325 alii
241 2300 361 2336 equos
381 2300 465 2326 esse
494 2288 630 2327 dicunt
661 2290 750 2341 galli
779 2289 926 2342 signum
957 2291 1186 2343 impressum
1213 2291 1413 2339 habentes,
1433 2291 1496 2330 alii

38 2350 161 2401 gallos
191 2349 426 2387 Phasianos:
457 2350 535 2389 vid.
567 2350 702 2389 Schol.
723 2351 772 2390 ad
793 2351 833 2390 d.
856 2352 882 2390 l.
951 2352 1035 2403 Ego
1065 2366 1155 2391 vero
1187 2366 1275 2392 cum
1302 2353 1495 2392 Athenaeo

37 2412 64 2450 1.
85 2412 159 2450 IX.
179 2425 218 2462 p.
239 2415 331 2452 387.
362 2412 533 2449 Kustero
553 2417 592 2450 et
613 2412 810 2451 Brunckio
831 2413 878 2451 ad
897 2413 935 2451 h.
955 2414 981 2451 1.
999 2414 1201 2465 Aristoph‚
1221 2415 1345 2465 gallos
1364 2415 1494 2465 potius

36 2472 307 2524 intelligendos
328 2486 411 2511 esse
431 2472 674 2520 crediderim,
694 2487 781 2513 cum
809 2475 897 2523 quia
926 2475 1021 2514 illud
1043 2475 1228 2526 Leogorae
1251 2477 1371 2527 magis
1399 2490 1495 2515 con-

39 2535 157 2581 venit,
180 2542 259 2574 tum
280 2534 441 2573 maxime
462 2534 513 2572 ob
534 2534 722 2573 rationem
748 2549 771 2574 a
789 2536 987 2575 Brunckio
1007 2537 1176 2585 allatam,
1202 2537 1307 2587 quod
1334 2538 1493 2576 stultum

38 2595 138 2634 foret
158 2595 340 2645 juvenem
362 2595 506 2642 dicere,
535 2609 613 2635 non
634 2596 813 2647 abjiciam
840 2598 1247 2649 equstandiytudium,
1280 2588 1368 2638 licet
1396 2599 1493 2636 mihi

38 2657 149 2696 dares
157 2657 438 2707 pulcherrimos
455 2670 580 2709 equos.
638 2659 698 2697 De
715 2659 890 2713 Leogora
910 2660 994 2697 haec
1014 2660 1126 2698 nobis
1145 2660 1317 2712 produnt
1336 2660 1493 2699 Scholia

35 2719 86 2757 ad
106 2719 145 2758 d.
165 2719 190 2757 l.
211 2717 418 2774 Λεωγόρας
439 2719 475 2758 δὲ
496 2721 671 2773 τρυφερός
690 2737 757 2767 τις,
779 2723 798 2759 ὁ
815 2721 1031 2760 Ἀνδοκίδου
1062 2724 1195 2774 πατήρ·
1225 2722 1390 2760 Πλάτων
1416 2721 1491 2759 Πε-

37 2783 197 2832 ριαλγεῖ·

291 2874 344 2912 Ὠ
362 2874 436 2914 θεῖε
455 2875 622 2929 ΙΝῙόρυχε,
645 2883 710 2916 νῦν
729 2881 805 2929 γάρ
824 2878 1005 2929 εὐδαίμων
1023 2878 1123 2930 ἐ’φνς,

301 2935 378 2974 Καὶ
397 2935 609 2984 Γλαυκέτης
627 2941 649 2984 ἡ
668 2939 805 2988 ψῆττα,
826 2941 883 2977 καὶ
903 2939 1122 2991 Λεωγόρας,

301 2997 354 3034 Οἳ
374 2998 452 3042 ζῆτε
472 3000 643 3049 τερπνὸν,
662 3000 766 3038 οὐδὲν
785 2991 1077 3051 ἐνθύμούμειόι.ι

734 3065 759 3098 2
776 3073 800 3098 Β
