1818 3189
290 217 375 259 216
634 263 636 265 ,
770 219 805 261 Ι.
840 220 967 262 ΟΤΤ.
996 220 1270 263 SLUITERI

287 324 569 362 Architheorus
591 323 640 362 ad
658 324 772 363 ludos
791 325 998 365 Isthmicos
1018 333 1057 366 et
1078 328 1308 379 Olympicos
1328 327 1466 365 missus
1485 333 1566 366 est:
1597 327 1743 366 deinde

288 385 387 422 sacri
407 385 534 422 aerarii
554 384 627 422 fuit
645 385 828 429 Quaestor
841 388 935 437 (vid.
956 390 1028 427 Or.
1049 389 1098 427 (le
1118 391 1237 440 Myst.
1254 403 1294 440 p.
1310 393 1376 430 17.
1395 402 1430 427 v.
1451 389 1553 437 19.):
1573 394 1612 426 et
1631 389 1737 427 Cho-

287 459 401 496 regus
423 446 726 497 Dithyrambieis
747 448 876 486 Poetis
896 449 1021 488 victor
1039 451 1238 490 donarium
1269 451 1435 489 sacravit
1461 450 1670 501 tripodem,
1692 455 1736 487 ut

287 508 421 558 prodit
441 509 858 556 Pseudo-Plutarchus,
890 511 1001 561 cujus
1031 513 1134 550 hunc
1164 513 1292 550 locum
1322 511 1462 562 insigni
1481 511 1620 549 mendo
1639 510 1736 548 libe-

286 570 385 608 ravit
405 571 548 621 Taylor
569 572 675 609 Lect.
697 572 787 623 Lys.
808 586 844 611 c.
863 578 901 611 5.
960 574 1035 612 Sed
1067 574 1172 612 aliud
1193 567 1522 623 reliquit‘vitium,
1543 572 1649 623 quod
1664 582 1739 609 nos

284 644 388 669 nunc
405 645 616 682 expurgare
636 634 882 672 conabimur.
930 635 1126 685 Scriptum
1147 643 1206 673 est
1225 636 1323 673 enim
1345 634 1382 672 in
1404 633 1566 685 vulgatis
1587 632 1736 671 Editio-

285 693 422 731 nibus:
451 695 511 730 καὶ
538 693 650 737 αὐτὸς
681 694 720 732 δὲ
744 695 949 746 ἐχορήγησε
976 700 1107 748 κυκλίῳ
1126 699 1225 748 χορῷ
1244 700 1287 749 τῇ
1306 698 1418 734 αὑτοῦ
1437 698 1535 750 φυλῇ
1554 695 1734 744 ἀγωνιζο-

285 756 382 806 μένῳ
419 753 645 807 διθυράμβῳ.
702 756 777 793 Sed
810 757 1013 807 legendum
1045 758 1163 795 credo
1192 759 1476 809 ἀγωνιζομένοις
1505 753 1735 808 διθυράμβῳ.

288 815 489 867 Choregus
523 821 672 854 sumtus
703 818 878 868 praebuit
906 819 950 855 in
988 823 1177 856 certamen
1209 823 1414 869 poetarum
1450 816 1734 868 dithyrambica

284 878 452 915 carmine
473 878 721 916 certantium.
778 879 1066 929 Vulgatissimae
1085 879 1293 918 locutionis
1311 884 1488 932 χορηγεῖν
1515 877 1735 930 τραγῳδοῖς,

285 939 471 991 κωμῳδοῖς
500 945 591 978 caet.
621 940 798 990 exempla
828 942 905 979 vid.
941 942 1046 992 apud
1079 943 1232 993 Lysiam
1265 942 1314 980 de
1334 941 1453 979 Bonis
1474 940 1674 990 Aristoph.
1693 952 1736 990 p.

284 1003 376 1037 154.
392 1013 427 1037 v.
446 1005 511 1039 29.
547 1001 644 1052 Δωρ.
665 1002 799 1039 Ἀπολ.
820 1015 859 1052 p.
878 1006 971 1041 161.
990 1017 1027 1040 v.
1047 1006 1113 1042 34.
1136 1017 1175 1054 p.
1198 1017 1295 1054 seq„
1315 1003 1456 1041 Isaeum
1478 1003 1527 1041 de
1548 1002 1732 1052 Dicaeog.

284 1061 430 1099 Hered.
445 1074 486 1112 p.
503 1066 567 1100 54.
583 1076 618 1100 v.
638 1067 718 1109 29„
744 1064 946 1103 Demosth.
966 1064 1006 1103 in
1027 1065 1127 1104 Mid.
1143 1079 1185 1116 p.
1204 1069 1294 1104 535.
1309 1070 1374 1103 12.
1393 1065 1456 1103 ed.
1472 1065 1520 1103 R.
1550 1063 1735 1109 Quamvis

283 1135 388 1169 vero,
409 1123 492 1161 istis
514 1124 726 1163 honoribus
746 1126 914 1172 functus,
936 1140 1084 1165 summa
1110 1128 1339 1166 auctoritate
1359 1127 1486 1175 valere
1513 1126 1553 1164 in
1575 1126 1734 1164 civitate

283 1184 493 1232 videretur,
514 1185 578 1223 illa
599 1187 814 1237 amplitudo
835 1201 912 1225 nun
932 1189 1147 1240 impedivit,
1169 1189 1376 1240 quominus
1391 1189 1536 1227 interea
1553 1188 1734 1234 ἐνδείξεως

283 1248 436 1285 actione
464 1255 677 1298 peteretur,
702 1256 742 1287 ut
768 1257 909 1288 auctor
928 1258 987 1288 est
1007 1252 1140 1302 Lysias
1160 1264 1201 1302 p.
1222 1254 1313 1291 105.
1333 1265 1368 1288 v.
1388 1255 1478 1294 42.;
1508 1263 1586 1301 qua
1605 1257 1733 1288 tamen

283 1309 504 1347 absolutum
524 1309 644 1348 fuisse
665 1311 867 1349 verisimile
886 1318 959 1358 est,
975 1313 1081 1361 quod
1102 1320 1235 1363 postea
1252 1313 1386 1350 eadem
1407 1313 1590 1350 adversus
1606 1312 1733 1362 ipsum

283 1371 386 1408 actio
405 1378 463 1408 est
481 1371 671 1410 instituta.
727 1372 828 1411 Nam
845 1374 959 1412 tertio
980 1380 1186 1424 postquam
1213 1375 1250 1411 in
1265 1374 1428 1423 patriam
1447 1373 1612 1411 redierat
1631 1385 1734 1411 anno

282 1431 377 1481 (vid.
395 1433 467 1470 Or.
488 1432 537 1470 de
558 1434 680 1484 Myst.
701 1446 739 1484 p.
757 1439 821 1475 17.
838 1449 874 1473 v.
896 1439 975 1483 17.)
993 1436 1030 1473 in
1050 1449 1240 1473 summum
1255 1436 1426 1473 omnium
1447 1448 1575 1473 rerum
1594 1434 1732 1473 discri-

283 1506 371 1530 men
389 1493 582 1532 adductus
612 1495 687 1532 fuit
705 1495 944 1542 Andocides,
965 1497 1013 1535 ad
1035 1498 1140 1548 quod
1159 1497 1430 1548 depellendum
1451 1510 1539 1534 cum
1559 1496 1665 1535 dicta
1684 1497 1734 1535 sit

282 1555 332 1592 ab
351 1569 398 1593 eo
419 1556 602 1606 palmaria
623 1556 685 1594 illa
700 1557 745 1596 de
761 1557 974 1608 Mysteriz's
993 1560 1129 1605 oratio,
1151 1560 1300 1610 singula
1318 1572 1519 1598 causarum
1541 1565 1733 1598 momenta

282 1630 533 1667 exponemus,
553 1618 697 1668 quibus
717 1619 1064 1662 inducti,Oratoris
1093 1621 1235 1660 inimici
1262 1622 1361 1660 hanc
1392 1622 1428 1659 ei
1461 1621 1565 1659 litem
1593 1621 1733 1658 intule-

281 1684 394 1717 runt:
424 1679 531 1729 quod
553 1686 595 1717 ut
609 1681 726 1718 tutius
748 1681 962 1733 meliusque
984 1682 1110 1721 facere
1129 1684 1335 1733 possimus,
1355 1683 1537 1722 nonnulla
1557 1682 1663 1732 prius
1683 1695 1731 1720 ex

275 1739 365 1788 jure
385 1741 520 1778 Attico
540 1741 588 1779 de
610 1742 748 1791 puellis
778 1743 881 1781 orbis
914 1751 1027 1782 erunt
1059 1745 1278 1791 delibanda,
1297 1754 1385 1794 quae
1404 1745 1594 1796 insignem
1613 1743 1729 1794 hujus

281 1802 463 1840 orationis
486 1803 628 1849 locum,
651 1805 718 1854 qui
736 1812 861 1844 exstat
883 1819 923 1856 p.
943 1810 1007 1844 15.
1031 1819 1110 1854 seq.
1130 1807 1334 1845 illustrent.

334 1864 434 1902 Cum
448 1865 704 1903 Athenienses
722 1867 932 1906 admodum
949 1867 1138 1915 timerent,
1157 1882 1204 1906 ne
1224 1868 1380 1907 familiae
1399 1868 1734 1919 exstinguerentur

280 1930 320 1963 et
339 1939 448 1964 sacra
469 1926 659 1976 gentilitia
675 1928 888 1975 interirent,
911 1942 1124 1980 magnaque
1144 1931 1352 1969 haberetur
1365 1930 1576 1978 calamitas,
1592 1929 1624 1968 si
1644 1930 1731 1980 quis

279 1986 361 2024 sine
376 1987 520 2032 liberis,
542 1988 603 2024 vel
619 2001 666 2025 ex
686 2001 726 2026 se
746 1990 860 2036 natis,
877 1991 935 2027 vel
951 1998 1053 2028 certe
1076 1990 1288 2041 adoptatis,
1303 1997 1515 2030 moreretur
1528 1990 1623 2038 (vid.
1638 2005 1674 2030 v.
1689 2006 1729 2043 g.

280 2049 433 2086 Andoc.
449 2048 498 2086 de
512 2049 632 2099 Myst.
650 2062 690 2099 p.
707 2054 771 2087 19.
791 2064 828 2088 v.
845 2055 898 2096 6.,
914 2052 1037 2090 Isocr.
1057 2053 1223 2103 AEginet.
1237 2066 1277 2103 p.
1293 2057 1383 2091 394.
1405 2053 1453 2090 A.
1472 2058 1511 2090 et
1530 2052 1590 2099 C.,
1609 2053 1731 2091 Isaeus

278 2110 327 2148 de
343 2110 511 2148 Philoct.
533 2110 678 2151 Hered.
695 2125 736 2162 p.
753 2115 816 2150 56.
833 2126 868 2151 v.
889 2117 957 2152 31.
969 2126 1095 2164 seqq.,
1111 2114 1317 2153 Demosth.
1331 2128 1368 2152 c.
1381 2114 1546 2152 Macart.
1561 2127 1600 2164 p.
1610 2118 1731 2162 1053,

278 2176 344 2210 21.
366 2177 484 2218 1075,
504 2176 569 2210 12.
590 2185 676 2222 sqq.
693 2178 810 2220 1076,
835 2179 896 2213 14.
918 2188 1006 2226 sqq.
1027 2176 1089 2213 ed.
1110 2176 1277 2225 Reisk.)‚
1305 2176 1416 2214 variis
1434 2176 1524 2214 huic
1544 2176 1597 2214 rei
1616 2177 1732 2215 ratio-

278 2235 405 2282 nibus,
426 2242 464 2273 et
480 2234 553 2272 sibi
569 2236 748 2286 quisque,
770 2243 809 2275 et
827 2237 931 2288 leges
951 2238 990 2275 in
1012 2251 1213 2276 commune
1235 2237 1539 2289 prospiciebant.
1578 2238 1620 2276 Si
1639 2237 1726 2289 quis

278 2297 395 2346 igitur
413 2297 556 2334 liberos
576 2298 775 2349 utriusque
795 2311 908 2337 sexus
933 2300 1185 2350 relinqueret,
1212 2299 1280 2338 filii
1299 2300 1376 2345 vel,
1396 2299 1440 2338 iis
1461 2299 1638 2346 mortuis,
1659 2313 1726 2338 ne-

278 2364 389 2408 potes
409 2372 455 2396 ex
484 2358 556 2395 illis
584 2371 721 2397 nomen
755 2361 896 2411 gentile
925 2361 1180 2408 sustinebant,
1200 2367 1239 2400 et
1259 2360 1509 2399 hereditatem
1527 2366 1728 2412 paternam

278 2420 349 2457 sibi
378 2420 646 2469 acquirebant,
666 2420 836 2472 indeque
864 2436 1016 2461 sorores
1046 2423 1225 2462 alebant:
1255 2423 1342 2461 vide
1363 2423 1566 2461 Demosth.
1584 2437 1619 2461 e.
1640 2423 1728 2462 Ma-

280 2488 376 2520 cart.
416 2495 456 2532 p.
483 2484 603 2530 1067,
635 2487 687 2529 1.,
720 2491 760 2521 et
791 2486 1010 2535 exemplum
1045 2485 1151 2536 apud
1184 2485 1336 2537 Lysiam
1362 2484 1480 2535 Apol.
1513 2483 1602 2522 adv.
1631 2485 1728 2524 Sim.

276 2557 318 2594 p.
339 2547 405 2582 97.
427 2543 509 2582 init.
567 2544 666 2582 Cum
686 2558 777 2583 vero
796 2545 873 2583 illae
892 2546 1096 2597 nuberent,
1117 2546 1248 2585 dotem
1267 2546 1426 2591 dabant,
1447 2545 1597 2596 ipsique
1618 2547 1728 2584 mari·-

278 2606 327 2644 tis
347 2604 666 2656 despondebant:
697 2613 814 2656 atque
835 2620 882 2645 ex
900 2608 966 2645 tali
992 2609 1235 2646 matrimonio
1265 2607 1379 2645 liberi
1408 2607 1567 2657 legitimi
1597 2620 1728 2646 nasce-

279 2668 432 2705 bantur.
469 2667 551 2705 Lex
566 2668 670 2719 apud
689 2669 989 2707 Demosthenem
1011 2669 1048 2707 in
1067 2670 1204 2720 Steph.
1221 2669 1277 2706 II.
1295 2682 1334 2719 p.
1348 2671 1466 2714 1134,
1487 2672 1554 2706 16.
1584 2669 1661 2707 “Ην
1680 2670 1730 2708 ἂν

276 2729 448 2783 ἐγγυήσῃ
466 2729 526 2766 ἐπὶ
553 2729 705 2773 δικαίοις
731 2728 900 2781 δάμαρτα
925 2729 1036 2777 εἶναι,
1062 2732 1085 2776 ἢ
1105 2734 1238 2782 πατὴρ,
1261 2732 1283 2774 ἢ
1303 2730 1460 2782 ἀδελφὸς
1480 2731 1686 2782 ὁμοπάτωρ,
1706 2731 1729 2775 ἢ

276 2791 430 2834 πάππος
450 2793 469 2828 ὁ
488 2791 581 2842 πρὸς
599 2791 752 2842 πατρὸς,
774 2792 812 2828 ἐκ
838 2792 971 2838 ταύτης
997 2791 1093 2830 εἶναι
1119 2791 1256 2833 παῖδας
1280 2794 1477 2840 γνησίουςε
1504 2791 1637 2842 Lysias
1656 2803 1729 2842 pro

277 2853 499 2891 Mantitheo
515 2867 554 2904 p.
572 2858 664 2892 146.
684 2867 724 2892 V.
738 2857 803 2891 18.
823 2852 895 2890 Δύο
916 2854 986 2903 μὲν
1004 2854 1170 2905 ἀδελφοῖς
1189 2853 1354 2900 ἐξέδωκα,
1368 2853 1514 2896 ἐπιδοὺς
1533 2853 1728 2904 τριάκοντα

277 2919 375 2963 μνᾶς
393 2914 574 2966 {scaz-epu:
605 2915 654 2953 de
676 2915 797 2954 Bonis
815 2914 1018 2965 Aristoph.
1040 2929 1078 2966 p.
1102 2920 1192 2956 157.
1214 2928 1247 2952 v.
1269 2920 1335 2953 18.
1362 2915 1441 2952 Καὶ
1460 2913 1538 2966 ἰδίᾳ
1561 2916 1634 2952 τισὶ
1652 2920 1727 2952 τῶν

278 2978 442 3015 πολιτῶν
479 2980 662 3029 α’ποροῦσι
696 2977 898 3025 ξυνεξέδωκε
943 2976 1154 3028 θυγατέρας
1193 2979 1250 3014 καὶ
1288 2976 1474 3029 ἀδελφάς-ε
1517 2975 1641 3016 lsaeus,
1676 2974 1726 3013 de
