1818 3189
299 213 348 256 10
586 214 761 257 PETRI
794 215 919 257 VAN
951 215 1148 259 SPAAN
1181 215 1445 259 DISSERT.

292 319 340 358 ad
372 320 594 358 Philostrat.
626 321 651 359 l.
673 335 708 360 c.
742 321 832 359 Vid.
864 321 1024 372 Taylor.
1056 323 1162 361 Lect.
1193 323 1344 374 Lysiae.
1366 336 1401 361 c.
1423 321 1513 361 VII.
1568 319 1732 372 Antiqui

292 381 478 419 Rhetores
498 382 727 431 Antiphonti
753 383 854 421 solas
875 382 953 421 fere
975 383 1147 422 tribuunt
1168 385 1360 422 orationes
1380 383 1602 433 judiciales,
1622 382 1734 433 quasi

290 442 394 480 aliud
424 455 543 493 genus
573 456 648 480 non
679 444 881 495 attigisset.
939 445 1200 495 Hermogenes
1231 452 1356 483 tamen
1378 446 1463 483 loco
1483 458 1597 495 supra
1614 445 1732 482 allato

289 505 429 552 λόγους
449 503 717 556 δημηγορικοὺς
737 514 1026 545 commemorat.
1083 508 1216 545 Recte.
1271 507 1371 545 Nam
1401 512 1565 552 constat,
1584 506 1732 544 delibe-

290 564 450 601 rativum
472 565 588 602 etiam
609 579 730 615 genus
750 567 799 604 ab
818 581 865 605 eo
887 581 970 605 esse
990 574 1209 614 tractatum,
1230 568 1309 605 sive
1330 567 1413 617 ipse
1431 567 1514 604 illas
1535 565 1731 604 orationes

288 624 337 662 ad
367 627 552 675 populum
584 627 773 674 habuerit,
804 629 883 667 sive
912 629 1010 674 aliis,
1044 629 1111 679 qui
1145 629 1371 667 concionem
1406 628 1548 666 babere
1578 627 1732 673 vellent,

287 685 493 736 scripserit.
548 688 664 727 Tales
696 689 853 729 fuerunt
881 692 900 729 ὁ
927 690 1138 736 Πολιτικὸς,
1159 693 1178 729 ὀ
1197 693 1276 742 περὶ
1296 696 1357 729 τοῦ
1376 689 1542 729 Λινδίων
1561 692 1689 741 φόρου,
1711 689 1731 726 ὅ

286 747 367 796 περὶ
387 753 450 785 τοῦ
469 748 721 801 Σαμοθρᾴκων
740 753 866 804 φόρου,
886 758 960 790 etc.
983 765 1071 803 quae
1091 752 1284 789 orationes
1304 763 1406 800 saepe
1426 761 1731 788 commemoran-

285 816 348 847 tur
365 811 415 848 ab
436 812 762 863 Harpocrafione,
785 815 946 866 aliisque
962 815 1249 854 Grammaticis.
1306 812 1672 862 Praeterjudiciales
1691 817 1732 850 et

284 870 554 912 deliberativas
569 877 768 927 Antiphon
783 877 911 923 etiam,
924 876 1085 926 Gorgiae
1103 876 1293 927 exemplo,
1309 875 1463 926 scripsit
1483 874 1730 924 sophisticas.

284 930 541 973 Philostratus
562 950 601 987 p.
623 942 715 976 500.
737 940 937 989 σοφιστικοὶ
958 937 993 975 δὲ
1013 938 1072 974 καὶ
1091 938 1203 986 ἕτεροι
1228 937 1311 987 μὲν,
1339 938 1636 988 σοφιστικὼτερος
1656 934 1693 972 δὲ
1711 935 1730 972 ὁ

283 993 372 1045 ὑπὲρ
391 1005 457 1041 τῆς
471 998 659 1048 ὁμονοίας.
701 1002 831 1049 Atque
852 999 926 1037 huc
946 998 1113 1050 pertinet
1132 999 1242 1036 locus
1263 997 1461 1036 Ciceronis
1483 998 1602 1035 Bruto
1617 1010 1653 1035 c.
1664 1000 1729 1034 12.

284 1055 382 1093 Nam
398 1071 483 1095 cum
500 1060 639 1098 Cicero
655 1074 700 1098 ex
717 1061 928 1100 Aristotele
951 1067 1154 1107 narrasset,
1171 1061 1358 1110 Gorgiam
1374 1067 1529 1110 paratos
1549 1058 1729 1097 habuisse

281 1116 387 1155 locos
416 1115 653 1169 communes,
674 1136 761 1160 cum
792 1123 1026 1174 singularum
1052 1135 1177 1160 rerum
1199 1121 1332 1159 laudes
1352 1121 1728 1172 vituperationesque

282 1181 591 1231 conscripsisset,
608 1184 729 1230 addit,
746 1189 756 1205 ‘
769 1184 858 1222 huic
876 1184 1154 1235 Antiphontem
1167 1183 1447 1221 Rhamnusium
1463 1182 1601 1220 similia
1620 1195 1727 1233 quae-

280 1241 368 1278 dam
399 1241 577 1281 babuisse
607 1245 851 1296 conscripta!
906 1245 969 1283 Ad
999 1245 1094 1284 tales
1123 1245 1230 1282 locos
1260 1257 1483 1282 communes
1513 1244 1612 1281 forte
1641 1243 1728 1293 quis

280 1302 424 1340 referat
443 1306 636 1343 orationes
652 1307 832 1345 undecim
849 1307 976 1345 adhuc
993 1306 1233 1357 superstites,
1254 1319 1342 1356 quae
1358 1306 1508 1343 tametsi
1529 1305 1566 1342 in
1582 1304 1726 1343 forensi

280 1372 506 1413 argumento
527 1374 738 1415 versantur,
758 1374 883 1407 tamen
906 1369 1012 1419 quod
1031 1369 1173 1406 nullum
1195 1367 1378 1405 indicium
1399 1368 1458 1404 vel
1478 1367 1727 1414 accusatoris,

279 1425 338 1462 vel
358 1427 424 1473 rei,
446 1428 505 1465 vel
526 1430 707 1480 temporis
729 1431 887 1476 habent,
910 1431 1002 1468 nihil
1022 1430 1122 1467 aliud
1142 1437 1256 1481 sunt,
1282 1428 1354 1467 nisi
1384 1428 1459 1466 loci
1487 1442 1725 1474 communeS,

281 1486 421 1534 quibus
438 1489 495 1526 vel
514 1489 594 1539 ipse
614 1491 829 1542 Antiphon,
852 1492 911 1529 vel
930 1491 992 1528 alii
1013 1492 1050 1528 in
1073 1491 1185 1528 simili
1201 1504 1240 1528 re
1262 1495 1469 1528 uterentur.

333 1548 440 1591 Quid
463 1551 685 1602 Antiquitas
706 1552 754 1591 de
775 1553 1024 1603 Antiphontis
1042 1552 1262 1590 indicendo
1279 1552 1465 1589 facultate
1485 1552 1725 1599 existimarit,

279 1608 372 1646 satis
393 1612 565 1650 ostendit
585 1614 791 1652 tribuendo
812 1615 867 1651 illi
889 1614 1097 1652 venerabili
1119 1614 1272 1651 nomine
1294 1614 1486 1660 Nestoris,

489 1674 566 1713 Τοῦ
588 1678 646 1714 καὶ
664 1677 737 1714 ἀπὸ
760 1680 938 1726 γλώσσης
957 1677 1105 1727 μέλιτος
1127 1679 1289 1724 γλυκίων
1305 1677 1386 1727 ῥέεν
1406 1675 1510 1720 αὒὸἢ.

279 1730 367 1770 Vid.
389 1733 615 1775 Philostrat.
639 1751 678 1788 p.
709 1742 801 1776 498.
830 1737 1260 1775 Pseudo-Plutarchum
1289 1744 1326 1774 et
1359 1737 1543 1774 Photium
1575 1737 1611 1776 in
1643 1739 1726 1791 ejus

278 1792 368 1832 vita.
401 1797 463 1834 Ab
483 1811 530 1834 eo
550 1800 667 1836 etiam
701 1812 833 1836 omnes
863 1799 955 1837 clari
978 1798 1014 1836 in
1037 1798 1156 1835 literis
1176 1798 1243 1835 viri
1265 1805 1518 1849 παροιμιακῶς
1537 1801 1725 1850 appellati

278 1862 367 1892 sunt
388 1856 630 1907 Rhamnusii,
651 1867 691 1898 ut
713 1861 852 1898 Suidas
874 1860 991 1898 refert
1012 1873 1046 1897 v,
1067 1860 1242 1910 Ῥάμνος.
1274 1859 1542 1910 Thucydides,
1564 1861 1726 1902 idoneus

276 1914 313 1952 in
334 1918 466 1967 primis
481 1919 620 1969 juderi,
644 1935 758 1972 quam
781 1921 986 1972 magnifice
1006 1922 1055 1959 de
1075 1921 1159 1969 ejus
1179 1922 1402 1970 eloquentia
1419 1924 1591 1969 senserit,
1611 1938 1657 1962 ex
1678 1939 1726 1964 eo

277 1978 380 2023 loco,
403 1994 516 2030 quem
540 1996 655 2032 supra
680 1983 890 2029 attulimus,
910 1989 1086 2033 apparet.
1145 1983 1204 2019 De
1224 1982 1408 2020 orationis
1428 1985 1723 2034 compositione,

280 2053 356 2093 qua
375 2055 467 2080 usus
487 2050 546 2082 est
567 2044 781 2095 Antiphon,
803 2046 854 2082 ita
875 2045 1034 2094 judicat
1067 2045 1226 2095 Dionys,
1248 2044 1444 2082 Halicarn.
1467 2044 1515 2082 de
1537 2047 1722 2097 Compos.

277 2104 383 2142 verb.
405 2118 443 2155 p.
461 2110 498 2143 9.
529 2109 550 2152 ἡ
570 2106 605 2144 δὲ
631 2105 854 2146 Θουκυδίδου
873 2109 980 2153 λέξις,
1001 2109 1058 2144 καὶ
1077 2109 1098 2152 ἡ
1117 2106 1368 2157 Ἀντιφῶντος
1388 2114 1450 2144 τοῦ
1470 2107 1725 2159 ‘Papvovcn'ov

278 2168 399 2209 καλῶς
418 2167 486 2218 μὲν
507 2168 695 2215 σύγκειται
717 2171 760 2214 νὴ
780 2169 867 2214 Δία,
893 2169 992 2219 ε’ίπερ
1017 2167 1112 2210 τινὲς
1142 2170 1201 2204 καὶ
1227 2169 1423 2211 ἅλλαι,“οὒ
1447 2171 1524 2215 μὴν
1541 2168 1654 2213 ἡδέως
1680 2187 1724 2220 γε

278 2227 388 2265 πάνυ.
417 2229 525 2266 Ideni
547 2230 585 2266 in
606 2231 717 2267 Isaeo
737 2243 775 2280 p.
801 2234 888 2268 111.
918 2229 1151 2279 Antiphonti
1184 2228 1316 2266 tribuit
1335 2229 1376 2266 τὸ
1403 2230 1590 2278 αὐστηρὸν
1607 2233 1724 2282 μόνον

277 2290 336 2326 καὶ
357 2291 533 2341 ἀρχαῖον,
552 2291 701 2329 addens
720 2305 791 2342 pro
821 2291 932 2329 solita
963 2305 1029 2328 sua
1057 2292 1094 2328 in
1113 2289 1337 2340 'judicando
1358 2291 1592 2330 acerbitate:
1623 2294 1724 2341 ἀγω-

278 2353 406 2396 νιστὴς
439 2352 475 2389 ἓέ
504 2355 629 2401 λόγων
661 2352 740 2390 οὔτε
763 2352 1098 2404 συμβουλευτικῶν,
1120 2353 1200 2390 οὕτε
1221 2352 1413 2389 δικανικῶν
1431 2352 1521 2389 ἐστι’.
1553 2353 1629 2391 Sed
1652 2368 1723 2393 nos

277 2411 499 2463 Thucydidi
518 2414 604 2464 plus
626 2414 831 2460 credimus,
853 2426 969 2464 quam
991 2414 1181 2451 sexcentis
1203 2413 1414 2464 Dionysiis.
1458 2413 1574 2451 Haud
1597 2415 1723 2454 mitius

275 2474 558 2525 estjudicium,
580 2475 685 2524 quod
703 2475 803 2513 idem
824 2476 1034 2526 Dionysius
1054 2475 1131 2512 fert
1148 2476 1184 2512 in
1207 2474 1459 2512 Demostlien.
1481 2487 1520 2524 p.
1541 2479 1629 2517 167.
1659 2479 1723 2515 Ab

277 2536 521 2586 Hermogene
548 2537 596 2574 de
619 2537 744 2575 Form.
772 2538 884 2575 Orat.
905 2538 956 2575 ΙΙ.
977 2550 1015 2587 p.
1036 2541 1128 2577 497.
1160 2536 1356 2585 Antiphon
1377 2536 1520 2573 dicitur
1539 2539 1725 2582 πολιτικὸς

274 2597 344 2648 μὲν
359 2599 417 2635 καὶ
437 2601 529 2636 κατὰ
543 2599 583 2636 τὸ
597 2597 792 2643 ἀληθινὸν,
808 2601 865 2636 καὶ
879 2598 1006 2641 ἄλλως
1022 2597 1161 2644 ἠὲικὸς,
1178 2600 1268 2634 ὥστε
1281 2599 1340 2634 καὶ
1355 2596 1723 2649 πιθανὸς-μεγέθει

274 2662 464 2711 χρώμενος
483 2663 547 2698 οὒκ
566 2661 698 2711 ὀλίγῳ,
718 2663 840 2703 καλῶς
860 2660 895 2698 δέ
915 2677 992 2702 πως
1014 2661 1291 2710 συνυφασμένῳ.
1314 2658 1380 2695 ubi
1402 2658 1512 2708 plura
1533 2667 1622 2697 sunt
1646 2660 1722 2699 huc

275 2722 520 2771 pertinentia,
539 2735 627 2773 quae
646 2722 842 2759 brevitatis
860 2735 975 2760 causa
996 2722 1146 2758 omitto.
1167 2720 1426 2757 Philostratus
1444 2734 1480 2770 p.
1502 2724 1592 2760 500.
1615 2725 1722 2771 λόγοι

276 2783 304 2820 δ’
323 2786 435 2821 αὑτοῦ
455 2784 629 2822 δικανικοὶ
653 2784 723 2834 μὲν
752 2787 918 2831 πλείους,
948 2784 988 2821 ἐν
1019 2781 1075 2825 οἷς
1104 2785 1125 2828 ἡ
1156 2782 1329 2827 δεινότης,
1350 2784 1408 2819 καὶ
1438 2788 1513 2819 πᾶν
1533 2783 1574 2820 τὸ
1600 2783 1638 2820 ἐκ
1656 2793 1722 2830 τῆς

276 2848 412 2895 τέχνης
428 2845 600 2894 ἔγκειται.
650 2847 712 2884 Sic
731 2846 829 2883 enim
854 2845 1057 2896 legendum
1079 2857 1161 2881 esse
1183 2857 1227 2881 ex
1251 2844 1348 2881 Cod.
1371 2844 1492 2893 Regio
1511 2844 1628 2881 Paris.
1646 2857 1721 2882 non

277 2909 477 2954 σύγκειται,
502 2907 605 2958 quod
634 2908 779 2959 placuit
794 2907 965 2953 oleario,
987 2919 1055 2943 nos
1077 2906 1221 2943 monuit
1239 2905 1322 2943 Cel.
1342 2905 1501 2944 Praeses.
1531 2905 1643 2944 Adde
1664 2906 1722 2944 his
