<?xml version="1.0" encoding="UTF-8"?>
<!DOCTYPE html PUBLIC "-//W3C//DTD XHTML 1.0 Transitional//EN"
    "http://www.w3.org/TR/xhtml1/DTD/xhtml1-transitional.dtd">
<html xmlns="http://www.w3.org/1999/xhtml" xml:lang="en" lang="en">
 <head>
  <title>
</title>
<meta http-equiv="Content-Type" content="text/html;charset=utf-8" />
  <meta name='ocr-system' content='tesseract 3.04.00' />
  <meta name='ocr-capabilities' content='ocr_page ocr_carea ocr_par ocr_line ocrx_word'/>
</head>
<body>
  <div class='ocr_page' id='page_1' title='image "./oratoresatticie01dobs_0277.png"; bbox 0 0 1816 3272; ppageno 0'>
   <div class='ocr_carea' id='block_1_1' title="bbox 402 217 1511 261">
    <p class='ocr_par' dir='ltr' id='par_1_1' title="bbox 402 217 1511 261">
     <span class='ocr_line' id='line_1_1' title="bbox 402 217 1511 261; baseline 0 -2"><span class='ocrx_word' id='word_1_1' title='bbox 402 217 738 261; x_wconf 88' lang='lat' dir='ltr'>LECTIONES</span> <span class='ocrx_word' id='word_1_2' title='bbox 773 217 1173 261; x_wconf 89' lang='lat' dir='ltr'>ANDOCIDEAE.</span> <span class='ocrx_word' id='word_1_3' title='bbox 1427 219 1511 259; x_wconf 82' lang='lat'>205</span> 
     </span>
    </p>
   </div>
   <div class='ocr_carea' id='block_1_2' title="bbox 53 322 1521 3038">
    <p class='ocr_par' dir='ltr' id='par_1_2' title="bbox 53 322 1521 3038">
     <span class='ocr_line' id='line_1_2' title="bbox 57 322 1521 378; baseline -0.002 -15"><span class='ocrx_word' id='word_1_4' title='bbox 57 332 179 363; x_wconf 74' lang='grc' dir='ltr'>ταῦτα</span> <span class='ocrx_word' id='word_1_5' title='bbox 195 323 384 376; x_wconf 68' lang='grc' dir='ltr'>δράσειαν·</span> <span class='ocrx_word' id='word_1_6' title='bbox 400 329 441 364; x_wconf 75' lang='grc' dir='ltr'>οὗ</span> <span class='ocrx_word' id='word_1_7' title='bbox 456 330 528 378; x_wconf 84' lang='grc' dir='ltr'>μὴν</span> <span class='ocrx_word' id='word_1_8' title='bbox 547 328 681 372; x_wconf 86' lang='grc' dir='ltr'>ἥπτετό</span> <span class='ocrx_word' id='word_1_9' title='bbox 698 343 739 374; x_wconf 73' lang='grc' dir='ltr'>γε</span> <span class='ocrx_word' id='word_1_10' title='bbox 755 323 827 364; x_wconf 82' lang='grc' dir='ltr'>τῶν</span> <span class='ocrx_word' id='word_1_11' title='bbox 847 329 1000 364; x_wconf 78' lang='grc' dir='ltr'>πολλῶν</span> <span class='ocrx_word' id='word_1_12' title='bbox 1016 325 1087 364; x_wconf 68' lang='grc' dir='ltr'>οὔθ’</span> <span class='ocrx_word' id='word_1_13' title='bbox 1103 323 1207 368; x_wconf 67' lang='grc' dir='ltr'>οὗτος</span> <span class='ocrx_word' id='word_1_14' title='bbox 1227 325 1245 362; x_wconf 84' lang='grc' dir='ltr'><strong>ὁ</strong></span> <span class='ocrx_word' id='word_1_15' title='bbox 1261 325 1391 373; x_wconf 83' lang='grc' dir='ltr'>λόγος,</span> <span class='ocrx_word' id='word_1_16' title='bbox 1409 322 1483 361; x_wconf 72' lang='grc' dir='ltr'>οὔθ’·</span> <span class='ocrx_word' id='word_1_17' title='bbox 1502 323 1521 359; x_wconf 86' lang='grc' dir='ltr'><strong>ὁ</strong></span> 
     </span>
     <span class='ocr_line' id='line_1_3' title="bbox 55 384 1515 439; baseline -0.002 -15"><span class='ocrx_word' id='word_1_18' title='bbox 55 393 129 424; x_wconf 76' lang='grc' dir='ltr'>τῶν</span> <span class='ocrx_word' id='word_1_19' title='bbox 145 390 318 438; x_wconf 77' lang='grc' dir='ltr'><em>σημείων,</em></span> <span class='ocrx_word' id='word_1_20' title='bbox 335 387 454 427; x_wconf 81' lang='grc' dir='ltr'>δεινὸν</span> <span class='ocrx_word' id='word_1_21' title='bbox 469 387 563 426; x_wconf 74' lang='grc' dir='ltr'>εἶναι</span> <span class='ocrx_word' id='word_1_22' title='bbox 578 387 694 439; x_wconf 77' lang='grc' dir='ltr'>μηδὲν</span> <span class='ocrx_word' id='word_1_23' title='bbox 706 390 902 438; x_wconf 78' lang='grc' dir='ltr'><em>οἰομένων,</em></span> <span class='ocrx_word' id='word_1_24' title='bbox 918 389 1005 424; x_wconf 81' lang='grc' dir='ltr'>ἀλλ’</span> <span class='ocrx_word' id='word_1_25' title='bbox 1018 386 1078 424; x_wconf 77' lang='grc' dir='ltr'>οἶα</span> <span class='ocrx_word' id='word_1_26' title='bbox 1093 390 1191 438; x_wconf 83' lang='grc' dir='ltr'>φιλεῖ</span> <span class='ocrx_word' id='word_1_27' title='bbox 1207 384 1326 437; x_wconf 77' lang='grc' dir='ltr'>φέρειν</span> <span class='ocrx_word' id='word_1_28' title='bbox 1341 385 1515 436; x_wconf 77' lang='grc' dir='ltr'>ἄκρατος,</span> 
     </span>
     <span class='ocr_line' id='line_1_4' title="bbox 55 447 1516 501; baseline -0.002 -15"><span class='ocrx_word' id='word_1_29' title='bbox 55 449 273 487; x_wconf 71' lang='grc' dir='ltr'>ἀκολάστων</span> <span class='ocrx_word' id='word_1_30' title='bbox 287 451 377 487; x_wconf 85' lang='grc' dir='ltr'>νέων</span> <span class='ocrx_word' id='word_1_31' title='bbox 389 452 442 492; x_wconf 84' lang='grc' dir='ltr'>εἰς</span> <span class='ocrx_word' id='word_1_32' title='bbox 457 448 567 500; x_wconf 74' lang='grc' dir='ltr'>ὕβριν</span> <span class='ocrx_word' id='word_1_33' title='bbox 580 450 620 486; x_wconf 73' lang='grc' dir='ltr'>ἐκ</span> <span class='ocrx_word' id='word_1_34' title='bbox 633 449 786 492; x_wconf 67' lang='grc' dir='ltr'>παιδιᾶς</span> <span class='ocrx_word' id='word_1_35' title='bbox 801 450 1092 501; x_wconf 76' lang='grc' dir='ltr'>ὑποφερομένων.</span> <span class='ocrx_word' id='word_1_36' title='bbox 1126 448 1169 484; x_wconf 84' lang='lat' dir='ltr'>ln</span> <span class='ocrx_word' id='word_1_37' title='bbox 1188 447 1262 485; x_wconf 87' lang='lat' dir='ltr'>hoc</span> <span class='ocrx_word' id='word_1_38' title='bbox 1279 447 1367 484; x_wconf 90' lang='lat' dir='ltr'>loco</span> <span class='ocrx_word' id='word_1_39' title='bbox 1382 459 1516 494; x_wconf 84' lang='lat' dir='ltr'>quam-</span> 
     </span>
     <span class='ocr_line' id='line_1_5' title="bbox 58 506 1515 561; baseline -0.002 -13"><span class='ocrx_word' id='word_1_40' title='bbox 58 523 173 559; x_wconf 81' lang='lat' dir='ltr'>quam</span> <span class='ocrx_word' id='word_1_41' title='bbox 194 509 282 548; x_wconf 75' lang='lat' dir='ltr'>ferri</span> <span class='ocrx_word' id='word_1_42' title='bbox 301 509 400 548; x_wconf 85' lang='lat' dir='ltr'>forte</span> <span class='ocrx_word' id='word_1_43' title='bbox 415 516 547 561; x_wconf 79' lang='lat' dir='ltr'>potest</span> <span class='ocrx_word' id='word_1_44' title='bbox 564 515 734 561; x_wconf 80' lang='grc' dir='ltr'>σημείων,</span> <span class='ocrx_word' id='word_1_45' title='bbox 750 511 779 548; x_wconf 82' lang='lat' dir='ltr'>si</span> <span class='ocrx_word' id='word_1_46' title='bbox 797 517 987 548; x_wconf 77' lang='lat' dir='ltr'><strong>struamus</strong></span> <span class='ocrx_word' id='word_1_47' title='bbox 1003 516 1075 547; x_wconf 85' lang='grc' dir='ltr'>τῶν</span> <span class='ocrx_word' id='word_1_48' title='bbox 1089 511 1265 558; x_wconf 76' lang='grc' dir='ltr'>οἰομένων</span> <span class='ocrx_word' id='word_1_49' title='bbox 1282 508 1402 546; x_wconf 76' lang='grc' dir='ltr'>δεινὸν</span> <span class='ocrx_word' id='word_1_50' title='bbox 1419 506 1515 546; x_wconf 78' lang='grc' dir='ltr'>εἶναι</span> 
     </span>
     <span class='ocr_line' id='line_1_6' title="bbox 60 568 1517 623; baseline -0.002 -14"><span class='ocrx_word' id='word_1_51' title='bbox 60 571 172 622; x_wconf 77' lang='grc' dir='ltr'>μηδὲν</span> <span class='ocrx_word' id='word_1_52' title='bbox 189 571 360 623; x_wconf 80' lang='grc' dir='ltr'><em>σημείων,</em></span> <span class='ocrx_word' id='word_1_53' title='bbox 375 577 651 623; x_wconf 80' lang='lat' dir='ltr'>portentorum</span> <span class='ocrx_word' id='word_1_54' title='bbox 667 572 772 610; x_wconf 61' lang='lat' dir='ltr'>nillil</span> <span class='ocrx_word' id='word_1_55' title='bbox 783 585 858 610; x_wconf 76' lang='lat' dir='ltr'>esse</span> <span class='ocrx_word' id='word_1_56' title='bbox 875 570 1059 618; x_wconf 82' lang='lat' dir='ltr'><em>terribile,</em></span> <span class='ocrx_word' id='word_1_57' title='bbox 1075 583 1098 607; x_wconf 83' lang='lat' dir='ltr'>a</span> <span class='ocrx_word' id='word_1_58' title='bbox 1106 571 1307 620; x_wconf 79' lang='lat' dir='ltr'>portentis</span> <span class='ocrx_word' id='word_1_59' title='bbox 1326 568 1430 607; x_wconf 60' lang='lat' dir='ltr'>nillil</span> <span class='ocrx_word' id='word_1_60' title='bbox 1441 581 1517 608; x_wconf 78' lang='lat' dir='ltr'>esse</span> 
     </span>
     <span class='ocr_line' id='line_1_7' title="bbox 58 629 1517 685; baseline -0.002 -14"><span class='ocrx_word' id='word_1_61' title='bbox 58 634 292 679; x_wconf 81' lang='lat' dir='ltr'>timendum;</span> <span class='ocrx_word' id='word_1_62' title='bbox 325 633 417 672; x_wconf 87' lang='lat' dir='ltr'>mihi</span> <span class='ocrx_word' id='word_1_63' title='bbox 443 640 570 672; x_wconf 83' lang='lat' dir='ltr'>tamen</span> <span class='ocrx_word' id='word_1_64' title='bbox 594 634 798 685; x_wconf 84' lang='lat' dir='ltr'>legendum</span> <span class='ocrx_word' id='word_1_65' title='bbox 822 632 975 672; x_wconf 85' lang='lat' dir='ltr'>videtur</span> <span class='ocrx_word' id='word_1_66' title='bbox 1001 639 1074 671; x_wconf 83' lang='grc' dir='ltr'>τῶν</span> <span class='ocrx_word' id='word_1_67' title='bbox 1104 637 1253 683; x_wconf 81' lang='grc' dir='ltr'>σημεῖον</span> <span class='ocrx_word' id='word_1_68' title='bbox 1281 630 1401 669; x_wconf 77' lang='grc' dir='ltr'>δεινὸν</span> <span class='ocrx_word' id='word_1_69' title='bbox 1421 629 1517 669; x_wconf 76' lang='grc' dir='ltr'>εἶναι</span> 
     </span>
     <span class='ocr_line' id='line_1_8' title="bbox 55 693 1516 749; baseline -0.001 -16"><span class='ocrx_word' id='word_1_70' title='bbox 55 695 172 745; x_wconf 80' lang='grc' dir='ltr'>μηδὲν</span> <span class='ocrx_word' id='word_1_71' title='bbox 190 699 382 749; x_wconf 86' lang='grc' dir='ltr'>οἰομένων,</span> <span class='ocrx_word' id='word_1_72' title='bbox 396 697 628 747; x_wconf 74' lang='lat' dir='ltr'>putantium</span> <span class='ocrx_word' id='word_1_73' title='bbox 647 696 792 734; x_wconf 80' lang='lat' dir='ltr'>nullum</span> <span class='ocrx_word' id='word_1_74' title='bbox 813 709 886 734; x_wconf 79' lang='lat' dir='ltr'>esse</span> <span class='ocrx_word' id='word_1_75' title='bbox 901 699 1131 747; x_wconf 80' lang='lat' dir='ltr'><em>portentum</em></span> <span class='ocrx_word' id='word_1_76' title='bbox 1147 693 1335 732; x_wconf 77' lang='lat' dir='ltr'><em>terribile.</em></span> <span class='ocrx_word' id='word_1_77' title='bbox 1370 693 1428 731; x_wconf 87' lang='lat' dir='ltr'>Ex</span> <span class='ocrx_word' id='word_1_78' title='bbox 1449 707 1516 731; x_wconf 87' lang='lat' dir='ltr'>eo-</span> 
     </span>
     <span class='ocr_line' id='line_1_9' title="bbox 57 755 1517 809; baseline -0.002 -14"><span class='ocrx_word' id='word_1_79' title='bbox 57 757 159 804; x_wconf 87' lang='lat' dir='ltr'><strong>dem,</strong></span> <span class='ocrx_word' id='word_1_80' title='bbox 179 771 255 806; x_wconf 90' lang='lat' dir='ltr'>quo</span> <span class='ocrx_word' id='word_1_81' title='bbox 282 759 526 806; x_wconf 84' lang='lat' dir='ltr'>Plutarchus,</span> <span class='ocrx_word' id='word_1_82' title='bbox 547 759 668 804; x_wconf 89' lang='lat' dir='ltr'>fonte,</span> <span class='ocrx_word' id='word_1_83' title='bbox 689 759 747 797; x_wconf 91' lang='lat' dir='ltr'>vel</span> <span class='ocrx_word' id='word_1_84' title='bbox 765 772 810 796; x_wconf 89' lang='lat' dir='ltr'>ex</span> <span class='ocrx_word' id='word_1_85' title='bbox 833 758 917 809; x_wconf 89' lang='lat' dir='ltr'>ipso</span> <span class='ocrx_word' id='word_1_86' title='bbox 940 756 1151 795; x_wconf 80' lang='lat' dir='ltr'>Plutarcho</span> <span class='ocrx_word' id='word_1_87' title='bbox 1172 756 1345 793; x_wconf 79' lang='lat' dir='ltr'>hausisse</span> <span class='ocrx_word' id='word_1_88' title='bbox 1363 755 1517 793; x_wconf 87' lang='lat' dir='ltr'>videtur</span> 
     </span>
     <span class='ocr_line' id='line_1_10' title="bbox 56 817 1515 866; baseline -0.001 -10"><span class='ocrx_word' id='word_1_89' title='bbox 56 819 469 860; x_wconf 87' lang='lat' dir='ltr'>Pseudo-Plutarchus</span> <span class='ocrx_word' id='word_1_90' title='bbox 495 823 536 859; x_wconf 89' lang='lat' dir='ltr'>in</span> <span class='ocrx_word' id='word_1_91' title='bbox 566 821 655 860; x_wconf 86' lang='lat' dir='ltr'>Vita</span> <span class='ocrx_word' id='word_1_92' title='bbox 685 820 917 866; x_wconf 88' lang='lat' dir='ltr'>Andocidis,</span> <span class='ocrx_word' id='word_1_93' title='bbox 948 819 1014 857; x_wconf 83' lang='lat' dir='ltr'>sed</span> <span class='ocrx_word' id='word_1_94' title='bbox 1045 819 1105 856; x_wconf 88' lang='lat' dir='ltr'>vel</span> <span class='ocrx_word' id='word_1_95' title='bbox 1136 831 1213 856; x_wconf 91' lang='lat' dir='ltr'>non</span> <span class='ocrx_word' id='word_1_96' title='bbox 1242 817 1341 854; x_wconf 88' lang='lat' dir='ltr'>bene</span> <span class='ocrx_word' id='word_1_97' title='bbox 1367 817 1515 855; x_wconf 88' lang='lat' dir='ltr'>intelle-</span> 
     </span>
     <span class='ocr_line' id='line_1_11' title="bbox 54 879 1517 934; baseline 0 -17"><span class='ocrx_word' id='word_1_98' title='bbox 54 880 157 919; x_wconf 83' lang='lat' dir='ltr'>xisse</span> <span class='ocrx_word' id='word_1_99' title='bbox 176 883 239 920; x_wconf 86' lang='lat' dir='ltr'>vel.</span> <span class='ocrx_word' id='word_1_100' title='bbox 255 883 438 921; x_wconf 87' lang='lat' dir='ltr'>memoria</span> <span class='ocrx_word' id='word_1_101' title='bbox 457 883 588 934; x_wconf 86' lang='lat' dir='ltr'>lapsus</span> <span class='ocrx_word' id='word_1_102' title='bbox 608 897 705 930; x_wconf 86' lang='lat' dir='ltr'>esse,</span> <span class='ocrx_word' id='word_1_103' title='bbox 725 883 756 920; x_wconf 86' lang='lat' dir='ltr'>si</span> <span class='ocrx_word' id='word_1_104' title='bbox 775 895 868 920; x_wconf 89' lang='lat' dir='ltr'>sana</span> <span class='ocrx_word' id='word_1_105' title='bbox 889 882 939 920; x_wconf 90' lang='lat' dir='ltr'>sit</span> <span class='ocrx_word' id='word_1_106' title='bbox 959 881 1044 931; x_wconf 89' lang='lat' dir='ltr'>ejus</span> <span class='ocrx_word' id='word_1_107' title='bbox 1058 881 1195 926; x_wconf 88' lang='lat' dir='ltr'>lectio;</span> <span class='ocrx_word' id='word_1_108' title='bbox 1224 881 1278 918; x_wconf 83' lang='lat' dir='ltr'>ait</span> <span class='ocrx_word' id='word_1_109' title='bbox 1293 879 1415 918; x_wconf 83' lang='lat' dir='ltr'>enim:</span> <span class='ocrx_word' id='word_1_110' title='bbox 1440 880 1517 917; x_wconf 69' lang='lat' dir='ltr'>“Hv</span> 
     </span>
     <span class='ocr_line' id='line_1_12' title="bbox 53 941 1516 997; baseline 0 -17"><span class='ocrx_word' id='word_1_111' title='bbox 53 942 246 994; x_wconf 73' lang='grc' dir='ltr'>(δευτέραν</span> <span class='ocrx_word' id='word_1_112' title='bbox 262 946 404 993; x_wconf 86' lang='grc' dir='ltr'>αἰτίαν)</span> <span class='ocrx_word' id='word_1_113' title='bbox 418 948 494 996; x_wconf 84' lang='grc' dir='ltr'>μετ’</span> <span class='ocrx_word' id='word_1_114' title='bbox 515 948 556 983; x_wconf 81' lang='grc' dir='ltr'>οὐ</span> <span class='ocrx_word' id='word_1_115' title='bbox 575 947 696 984; x_wconf 77' lang='grc' dir='ltr'>πολὺν</span> <span class='ocrx_word' id='word_1_116' title='bbox 715 948 851 997; x_wconf 83' lang='grc' dir='ltr'>χρόνον</span> <span class='ocrx_word' id='word_1_117' title='bbox 872 949 935 983; x_wconf 83' lang='grc' dir='ltr'>τοῦ</span> <span class='ocrx_word' id='word_1_118' title='bbox 955 945 1016 982; x_wconf 77' lang='grc' dir='ltr'>ἐπὶ</span> <span class='ocrx_word' id='word_1_119' title='bbox 1030 944 1202 982; x_wconf 81' lang='grc' dir='ltr'>Σικελίαν</span> <span class='ocrx_word' id='word_1_120' title='bbox 1223 945 1358 981; x_wconf 87' lang='grc' dir='ltr'>στόλου</span> <span class='ocrx_word' id='word_1_121' title='bbox 1378 941 1516 991; x_wconf 76' lang='grc' dir='ltr'>συνέβη</span> 
     </span>
     <span class='ocr_line' id='line_1_13' title="bbox 54 1005 1513 1059; baseline -0.001 -17"><span class='ocrx_word' id='word_1_122' title='bbox 54 1008 244 1053; x_wconf 83' lang='grc' dir='ltr'>γενέσθαι,</span> <span class='ocrx_word' id='word_1_123' title='bbox 264 1006 478 1058; x_wconf 61' lang='grc' dir='ltr'>Κορινθίων</span> <span class='ocrx_word' id='word_1_124' title='bbox 493 1007 778 1059; x_wconf 73' lang='grc' dir='ltr'>εἰσπεμψάντων</span> <span class='ocrx_word' id='word_1_125' title='bbox 795 1007 1025 1050; x_wconf 84' lang='grc' dir='ltr'>Λεοντίνους</span> <span class='ocrx_word' id='word_1_126' title='bbox 1045 1022 1084 1044; x_wconf 88' lang='grc' dir='ltr'>τε</span> <span class='ocrx_word' id='word_1_127' title='bbox 1102 1007 1161 1044; x_wconf 78' lang='grc' dir='ltr'>καὶ</span> <span class='ocrx_word' id='word_1_128' title='bbox 1175 1005 1430 1055; x_wconf 81' lang='grc' dir='ltr'>Αἰγεσταίους</span> <span class='ocrx_word' id='word_1_129' title='bbox 1450 1006 1513 1042; x_wconf 78' lang='grc' dir='ltr'>ἄν·</span> 
     </span>
     <span class='ocr_line' id='line_1_14' title="bbox 55 1065 1517 1119; baseline -0.001 -15"><span class='ocrx_word' id='word_1_130' title='bbox 55 1065 160 1117; x_wconf 82' lang='grc' dir='ltr'>δρας,</span> <span class='ocrx_word' id='word_1_131' title='bbox 182 1067 259 1119; x_wconf 74' lang='grc' dir='ltr'>ἰδίᾳ</span> <span class='ocrx_word' id='word_1_132' title='bbox 276 1070 494 1119; x_wconf 81' lang='grc' dir='ltr'>μελλόντων</span> <span class='ocrx_word' id='word_1_133' title='bbox 512 1067 664 1115; x_wconf 82' lang='grc' dir='ltr'>βοηθεῖν</span> <span class='ocrx_word' id='word_1_134' title='bbox 685 1071 810 1112; x_wconf 81' lang='grc' dir='ltr'>αὺτοῖς</span> <span class='ocrx_word' id='word_1_135' title='bbox 830 1075 902 1107; x_wconf 86' lang='grc' dir='ltr'>τῶν</span> <span class='ocrx_word' id='word_1_136' title='bbox 927 1069 1150 1114; x_wconf 84' lang='grc' dir='ltr'>Ἀθηναίων,</span> <span class='ocrx_word' id='word_1_137' title='bbox 1172 1067 1308 1118; x_wconf 74' lang='grc' dir='ltr'>νῦκτωρ</span> <span class='ocrx_word' id='word_1_138' title='bbox 1333 1067 1419 1109; x_wconf 75' lang='grc' dir='ltr'>τοὺς</span> <span class='ocrx_word' id='word_1_139' title='bbox 1439 1067 1517 1116; x_wconf 81' lang='grc' dir='ltr'>περὶ</span> 
     </span>
     <span class='ocr_line' id='line_1_15' title="bbox 55 1128 1516 1180; baseline -0.001 -13"><span class='ocrx_word' id='word_1_140' title='bbox 55 1130 122 1174; x_wconf 85' lang='grc' dir='ltr'>τὴν</span> <span class='ocrx_word' id='word_1_141' title='bbox 140 1130 282 1178; x_wconf 84' lang='grc' dir='ltr'>ἀγορὰν</span> <span class='ocrx_word' id='word_1_142' title='bbox 295 1129 441 1180; x_wconf 72' lang='grc' dir='ltr'>“Ερμᾶς</span> <span class='ocrx_word' id='word_1_143' title='bbox 461 1129 695 1179; x_wconf 75' lang='grc' dir='ltr'>περιέκοψαν,</span> <span class='ocrx_word' id='word_1_144' title='bbox 719 1131 768 1171; x_wconf 87' lang='grc' dir='ltr'>ὡς</span> <span class='ocrx_word' id='word_1_145' title='bbox 787 1128 1008 1179; x_wconf 81' lang='grc' dir='ltr'>Κράτιππος</span> <span class='ocrx_word' id='word_1_146' title='bbox 1023 1129 1127 1180; x_wconf 84' lang='grc' dir='ltr'>φησί.</span> <span class='ocrx_word' id='word_1_147' title='bbox 1183 1129 1236 1165; x_wconf 90' lang='lat' dir='ltr'>At</span> <span class='ocrx_word' id='word_1_148' title='bbox 1257 1128 1399 1165; x_wconf 88' lang='lat' dir='ltr'>nullam</span> <span class='ocrx_word' id='word_1_149' title='bbox 1423 1140 1516 1178; x_wconf 88' lang='lat' dir='ltr'>pru·-</span> 
     </span>
     <span class='ocr_line' id='line_1_16' title="bbox 55 1189 1515 1241; baseline 0 -13"><span class='ocrx_word' id='word_1_150' title='bbox 55 1189 296 1228; x_wconf 85' lang='lat' dir='ltr'>dentioribus</span> <span class='ocrx_word' id='word_1_151' title='bbox 317 1189 434 1228; x_wconf 86' lang='lat' dir='ltr'>fidem</span> <span class='ocrx_word' id='word_1_152' title='bbox 466 1190 600 1228; x_wconf 83' lang='lat' dir='ltr'>habuit</span> <span class='ocrx_word' id='word_1_153' title='bbox 628 1190 797 1241; x_wconf 86' lang='lat' dir='ltr'>populus</span> <span class='ocrx_word' id='word_1_154' title='bbox 828 1191 1132 1240; x_wconf 87' lang='lat' dir='ltr'>superstitiosus,</span> <span class='ocrx_word' id='word_1_155' title='bbox 1162 1190 1408 1238; x_wconf 83' lang='lat' dir='ltr'>libertatique</span> <span class='ocrx_word' id='word_1_156' title='bbox 1435 1203 1515 1228; x_wconf 86' lang='lat' dir='ltr'>suae</span> 
     </span>
     <span class='ocr_line' id='line_1_17' title="bbox 54 1250 1515 1301; baseline 0 -13"><span class='ocrx_word' id='word_1_157' title='bbox 54 1251 217 1295; x_wconf 80' lang='lat' dir='ltr'>timens3</span> <span class='ocrx_word' id='word_1_158' title='bbox 249 1251 315 1290; x_wconf 91' lang='lat' dir='ltr'>sed</span> <span class='ocrx_word' id='word_1_159' title='bbox 343 1252 472 1289; x_wconf 87' lang='lat' dir='ltr'>statim</span> <span class='ocrx_word' id='word_1_160' title='bbox 493 1251 660 1298; x_wconf 83' lang='grc' dir='ltr'>Ζητηταὶ</span> <span class='ocrx_word' id='word_1_161' title='bbox 685 1251 764 1289; x_wconf 90' lang='lat' dir='ltr'>sive</span> <span class='ocrx_word' id='word_1_162' title='bbox 795 1250 1034 1296; x_wconf 83' lang='lat' dir='ltr'>Quaesitores</span> <span class='ocrx_word' id='word_1_163' title='bbox 1062 1251 1182 1289; x_wconf 88' lang='lat' dir='ltr'>creati</span> <span class='ocrx_word' id='word_1_164' title='bbox 1205 1258 1306 1297; x_wconf 89' lang='lat' dir='ltr'>sunt,</span> <span class='ocrx_word' id='word_1_165' title='bbox 1329 1251 1394 1301; x_wconf 89' lang='lat' dir='ltr'>qui</span> <span class='ocrx_word' id='word_1_166' title='bbox 1414 1252 1515 1289; x_wconf 89' lang='lat' dir='ltr'>Her-</span> 
     </span>
     <span class='ocr_line' id='line_1_18' title="bbox 53 1312 1514 1364; baseline 0.001 -14"><span class='ocrx_word' id='word_1_167' title='bbox 53 1325 201 1351; x_wconf 89' lang='lat' dir='ltr'>marum</span> <span class='ocrx_word' id='word_1_168' title='bbox 224 1313 460 1352; x_wconf 75' lang='lat' dir='ltr'>mutilatores</span> <span class='ocrx_word' id='word_1_169' title='bbox 481 1314 751 1363; x_wconf 70' lang='lat' dir='ltr'>investigarent</span> <span class='ocrx_word' id='word_1_170' title='bbox 770 1327 778 1352; x_wconf 93' lang='lat'>:</span> <span class='ocrx_word' id='word_1_171' title='bbox 810 1313 875 1361; x_wconf 88' lang='lat' dir='ltr'>qui</span> <span class='ocrx_word' id='word_1_172' title='bbox 897 1312 1150 1363; x_wconf 83' lang='lat' dir='ltr'>Magistratus</span> <span class='ocrx_word' id='word_1_173' title='bbox 1178 1326 1255 1350; x_wconf 89' lang='lat' dir='ltr'>non</span> <span class='ocrx_word' id='word_1_174' title='bbox 1277 1321 1358 1350; x_wconf 86' lang='lat' dir='ltr'>erat</span> <span class='ocrx_word' id='word_1_175' title='bbox 1378 1326 1514 1364; x_wconf 86' lang='lat' dir='ltr'>perpe-</span> 
     </span>
     <span class='ocr_line' id='line_1_19' title="bbox 53 1375 1516 1426; baseline -0.001 -12"><span class='ocrx_word' id='word_1_176' title='bbox 53 1381 157 1421; x_wconf 90' lang='lat' dir='ltr'>tuus,</span> <span class='ocrx_word' id='word_1_177' title='bbox 179 1375 245 1413; x_wconf 90' lang='lat' dir='ltr'>sed</span> <span class='ocrx_word' id='word_1_178' title='bbox 269 1382 346 1414; x_wconf 83' lang='lat' dir='ltr'>tum</span> <span class='ocrx_word' id='word_1_179' title='bbox 367 1376 523 1415; x_wconf 90' lang='lat' dir='ltr'>demum</span> <span class='ocrx_word' id='word_1_180' title='bbox 544 1376 783 1420; x_wconf 83' lang='lat' dir='ltr'>Quaesitores</span> <span class='ocrx_word' id='word_1_181' title='bbox 806 1375 861 1413; x_wconf 89' lang='lat' dir='ltr'>illi</span> <span class='ocrx_word' id='word_1_182' title='bbox 892 1375 1138 1422; x_wconf 82' lang='lat' dir='ltr'>creabantur,</span> <span class='ocrx_word' id='word_1_183' title='bbox 1161 1375 1226 1413; x_wconf 89' lang='lat' dir='ltr'>ubi</span> <span class='ocrx_word' id='word_1_184' title='bbox 1245 1376 1282 1413; x_wconf 90' lang='lat' dir='ltr'>in</span> <span class='ocrx_word' id='word_1_185' title='bbox 1302 1388 1368 1413; x_wconf 87' lang='lat' dir='ltr'>eos</span> <span class='ocrx_word' id='word_1_186' title='bbox 1389 1375 1516 1426; x_wconf 87' lang='lat' dir='ltr'>inqui-</span> 
     </span>
     <span class='ocr_line' id='line_1_20' title="bbox 55 1437 1514 1489; baseline 0.001 -15"><span class='ocrx_word' id='word_1_187' title='bbox 55 1449 139 1475; x_wconf 84' lang='lat' dir='ltr'>rere</span> <span class='ocrx_word' id='word_1_188' title='bbox 161 1443 373 1487; x_wconf 83' lang='lat' dir='ltr'>oporteret,</span> <span class='ocrx_word' id='word_1_189' title='bbox 394 1438 461 1487; x_wconf 92' lang='lat' dir='ltr'>qui</span> <span class='ocrx_word' id='word_1_190' title='bbox 486 1437 623 1476; x_wconf 85' lang='lat' dir='ltr'>aerario</span> <span class='ocrx_word' id='word_1_191' title='bbox 649 1437 808 1488; x_wconf 91' lang='lat' dir='ltr'>publico</span> <span class='ocrx_word' id='word_1_192' title='bbox 833 1437 1036 1482; x_wconf 83' lang='lat' dir='ltr'>deberent,</span> <span class='ocrx_word' id='word_1_193' title='bbox 1068 1444 1107 1475; x_wconf 87' lang='lat' dir='ltr'>et</span> <span class='ocrx_word' id='word_1_194' title='bbox 1137 1437 1345 1483; x_wconf 81' lang='lat' dir='ltr'>latitarent,</span> <span class='ocrx_word' id='word_1_195' title='bbox 1368 1437 1427 1474; x_wconf 83' lang='lat' dir='ltr'>vel</span> <span class='ocrx_word' id='word_1_196' title='bbox 1448 1438 1514 1489; x_wconf 90' lang='lat' dir='ltr'>qui</span> 
     </span>
     <span class='ocr_line' id='line_1_21' title="bbox 54 1498 1516 1550; baseline -0.001 -13"><span class='ocrx_word' id='word_1_197' title='bbox 54 1499 212 1550; x_wconf 87' lang='lat' dir='ltr'>publice</span> <span class='ocrx_word' id='word_1_198' title='bbox 233 1499 397 1548; x_wconf 84' lang='lat' dir='ltr'>aliquam</span> <span class='ocrx_word' id='word_1_199' title='bbox 414 1499 598 1538; x_wconf 85' lang='lat' dir='ltr'>fecissent</span> <span class='ocrx_word' id='word_1_200' title='bbox 618 1499 811 1550; x_wconf 89' lang='lat' dir='ltr'>injuriam.</span> <span class='ocrx_word' id='word_1_201' title='bbox 869 1498 969 1536; x_wconf 89' lang='lat' dir='ltr'>Illud</span> <span class='ocrx_word' id='word_1_202' title='bbox 987 1498 1230 1537; x_wconf 85' lang='lat' dir='ltr'>manifestum</span> <span class='ocrx_word' id='word_1_203' title='bbox 1251 1504 1311 1536; x_wconf 89' lang='lat' dir='ltr'>est</span> <span class='ocrx_word' id='word_1_204' title='bbox 1332 1512 1378 1536; x_wconf 80' lang='lat' dir='ltr'>ex</span> <span class='ocrx_word' id='word_1_205' title='bbox 1399 1499 1516 1550; x_wconf 84' lang='lat' dir='ltr'>Lysia</span> 
     </span>
     <span class='ocr_line' id='line_1_22' title="bbox 55 1560 1512 1613; baseline 0 -14"><span class='ocrx_word' id='word_1_206' title='bbox 55 1560 193 1599; x_wconf 86' lang='grc' dir='ltr'>Ἀπολ.</span> <span class='ocrx_word' id='word_1_207' title='bbox 213 1560 350 1613; x_wconf 85' lang='grc' dir='ltr'>Δωροδ.</span> <span class='ocrx_word' id='word_1_208' title='bbox 372 1575 414 1612; x_wconf 88' lang='lat' dir='ltr'>p.</span> <span class='ocrx_word' id='word_1_209' title='bbox 428 1565 521 1599; x_wconf 86' lang='lat'><strong>163.</strong></span> <span class='ocrx_word' id='word_1_210' title='bbox 544 1575 579 1599; x_wconf 92' lang='lat' dir='ltr'>v.</span> <span class='ocrx_word' id='word_1_211' title='bbox 596 1566 649 1608; x_wconf 88' lang='grc'>6.,</span> <span class='ocrx_word' id='word_1_212' title='bbox 672 1560 878 1599; x_wconf 85' lang='lat' dir='ltr'>Demosth.</span> <span class='ocrx_word' id='word_1_213' title='bbox 900 1560 937 1597; x_wconf 89' lang='lat' dir='ltr'>in</span> <span class='ocrx_word' id='word_1_214' title='bbox 958 1560 1126 1598; x_wconf 87' lang='lat' dir='ltr'>Timocr.</span> <span class='ocrx_word' id='word_1_215' title='bbox 1150 1564 1291 1610; x_wconf 80' lang='lat' dir='ltr'><strong>p.703.</strong></span> <span class='ocrx_word' id='word_1_216' title='bbox 1301 1565 1366 1599; x_wconf 87' lang='lat'>11.</span> <span class='ocrx_word' id='word_1_217' title='bbox 1380 1561 1442 1598; x_wconf 86' lang='lat' dir='ltr'>ed.</span> <span class='ocrx_word' id='word_1_218' title='bbox 1461 1562 1512 1599; x_wconf 82' lang='lat' dir='ltr'>R.</span> 
     </span>
     <span class='ocr_line' id='line_1_23' title="bbox 55 1621 1513 1674; baseline 0 -14"><span class='ocrx_word' id='word_1_219' title='bbox 55 1628 95 1661; x_wconf 90' lang='lat' dir='ltr'>et</span> <span class='ocrx_word' id='word_1_220' title='bbox 116 1623 285 1674; x_wconf 88' lang='lat' dir='ltr'>Ulpiano</span> <span class='ocrx_word' id='word_1_221' title='bbox 304 1623 353 1661; x_wconf 88' lang='lat' dir='ltr'>ad</span> <span class='ocrx_word' id='word_1_222' title='bbox 373 1624 399 1661; x_wconf 88' lang='lat'>1.</span> <span class='ocrx_word' id='word_1_223' title='bbox 419 1624 459 1670; x_wconf 89' lang='grc'><strong>1.,</strong></span> <span class='ocrx_word' id='word_1_224' title='bbox 480 1623 640 1662; x_wconf 87' lang='lat' dir='ltr'>Polluce</span> <span class='ocrx_word' id='word_1_225' title='bbox 667 1623 692 1661; x_wconf 92' lang='lat' dir='ltr'>l.</span> <span class='ocrx_word' id='word_1_226' title='bbox 722 1623 833 1661; x_wconf 89' lang='lat' dir='ltr'>VIII.</span> <span class='ocrx_word' id='word_1_227' title='bbox 862 1636 894 1660; x_wconf 90' lang='lat' dir='ltr'>s.</span> <span class='ocrx_word' id='word_1_228' title='bbox 915 1625 1019 1666; x_wconf 81' lang='lat'><strong>115.;</strong></span> <span class='ocrx_word' id='word_1_229' title='bbox 1054 1627 1094 1660; x_wconf 79' lang='lat' dir='ltr'>et</span> <span class='ocrx_word' id='word_1_230' title='bbox 1125 1621 1291 1661; x_wconf 88' lang='lat' dir='ltr'>docetur</span> <span class='ocrx_word' id='word_1_231' title='bbox 1320 1622 1432 1660; x_wconf 77' lang='lat' dir='ltr'>etiam</span> <span class='ocrx_word' id='word_1_232' title='bbox 1463 1623 1513 1660; x_wconf 89' lang='lat' dir='ltr'>ab</span> 
     </span>
     <span class='ocr_line' id='line_1_24' title="bbox 55 1683 1513 1739; baseline 0.001 -17"><span class='ocrx_word' id='word_1_233' title='bbox 55 1685 230 1724; x_wconf 82' lang='lat' dir='ltr'>Auctore</span> <span class='ocrx_word' id='word_1_234' title='bbox 264 1686 396 1724; x_wconf 80' lang='lat' dir='ltr'>Lexici</span> <span class='ocrx_word' id='word_1_235' title='bbox 429 1685 627 1724; x_wconf 70' lang='lat' dir='ltr'>Rhetorici</span> <span class='ocrx_word' id='word_1_236' title='bbox 650 1686 736 1724; x_wconf 87' lang='lat' dir='ltr'>MS.</span> <span class='ocrx_word' id='word_1_237' title='bbox 765 1683 946 1733; x_wconf 81' lang='grc' dir='ltr'>Ζητηταί·</span> <span class='ocrx_word' id='word_1_238' title='bbox 979 1685 1078 1738; x_wconf 77' lang='grc' dir='ltr'>ἀρχή</span> <span class='ocrx_word' id='word_1_239' title='bbox 1107 1702 1165 1728; x_wconf 90' lang='grc' dir='ltr'>τις</span> <span class='ocrx_word' id='word_1_240' title='bbox 1196 1684 1403 1739; x_wconf 68' lang='grc' dir='ltr'>Ἀθήνησίν</span> <span class='ocrx_word' id='word_1_241' title='bbox 1435 1686 1513 1724; x_wconf 80' lang='grc' dir='ltr'>ἐστι</span> 
     </span>
     <span class='ocr_line' id='line_1_25' title="bbox 56 1747 1514 1802; baseline 0.001 -18"><span class='ocrx_word' id='word_1_242' title='bbox 56 1750 152 1785; x_wconf 72' lang='grc' dir='ltr'>κατά</span> <span class='ocrx_word' id='word_1_243' title='bbox 175 1747 322 1798; x_wconf 71' lang='grc' dir='ltr'>καιροῦς</span> <span class='ocrx_word' id='word_1_244' title='bbox 352 1751 616 1799; x_wconf 80' lang='grc' dir='ltr'>καθισταμένη·</span> <span class='ocrx_word' id='word_1_245' title='bbox 654 1748 745 1799; x_wconf 84' lang='grc' dir='ltr'>πρὸς</span> <span class='ocrx_word' id='word_1_246' title='bbox 773 1752 817 1795; x_wconf 85' lang='grc' dir='ltr'>ἣν</span> <span class='ocrx_word' id='word_1_247' title='bbox 845 1748 1047 1800; x_wconf 82' lang='grc' dir='ltr'>ε’μηνύοντο</span> <span class='ocrx_word' id='word_1_248' title='bbox 1077 1748 1111 1785; x_wconf 84' lang='grc' dir='ltr'>οἱ</span> <span class='ocrx_word' id='word_1_249' title='bbox 1137 1749 1345 1799; x_wconf 77' lang='grc' dir='ltr'>ὀφείλοντες</span> <span class='ocrx_word' id='word_1_250' title='bbox 1376 1750 1420 1802; x_wconf 74' lang='grc' dir='ltr'>τῇ</span> <span class='ocrx_word' id='word_1_251' title='bbox 1448 1749 1514 1785; x_wconf 84' lang='grc' dir='ltr'>πό-</span> 
     </span>
     <span class='ocr_line' id='line_1_26' title="bbox 55 1808 1514 1863; baseline 0 -17"><span class='ocrx_word' id='word_1_252' title='bbox 55 1811 111 1863; x_wconf 79' lang='grc' dir='ltr'>λει</span> <span class='ocrx_word' id='word_1_253' title='bbox 131 1811 309 1863; x_wconf 78' lang='grc' dir='ltr'>χρήματα</span> <span class='ocrx_word' id='word_1_254' title='bbox 329 1812 386 1847; x_wconf 81' lang='grc' dir='ltr'>καὶ</span> <span class='ocrx_word' id='word_1_255' title='bbox 413 1812 463 1862; x_wconf 81' lang='grc' dir='ltr'>μὴ</span> <span class='ocrx_word' id='word_1_256' title='bbox 491 1809 760 1852; x_wconf 71' lang='grc' dir='ltr'>ἀποδιδόντεςε</span> <span class='ocrx_word' id='word_1_257' title='bbox 790 1823 901 1858; x_wconf 81' lang='lat' dir='ltr'>quarn</span> <span class='ocrx_word' id='word_1_258' title='bbox 933 1814 1078 1854; x_wconf 85' lang='lat' dir='ltr'>notam,</span> <span class='ocrx_word' id='word_1_259' title='bbox 1101 1808 1237 1859; x_wconf 85' lang='lat' dir='ltr'>paucis</span> <span class='ocrx_word' id='word_1_260' title='bbox 1258 1809 1430 1853; x_wconf 81' lang='lat' dir='ltr'>mutatis,</span> <span class='ocrx_word' id='word_1_261' title='bbox 1451 1810 1514 1846; x_wconf 88' lang='lat' dir='ltr'>de-</span> 
     </span>
     <span class='ocr_line' id='line_1_27' title="bbox 55 1871 1514 1923; baseline 0 -15"><span class='ocrx_word' id='word_1_262' title='bbox 55 1871 291 1922; x_wconf 82' lang='lat' dir='ltr'>scripserunt</span> <span class='ocrx_word' id='word_1_263' title='bbox 311 1871 449 1910; x_wconf 89' lang='lat' dir='ltr'>Suidas</span> <span class='ocrx_word' id='word_1_264' title='bbox 482 1878 520 1910; x_wconf 85' lang='lat' dir='ltr'>et</span> <span class='ocrx_word' id='word_1_265' title='bbox 546 1872 715 1923; x_wconf 89' lang='lat' dir='ltr'>Etymol.</span> <span class='ocrx_word' id='word_1_266' title='bbox 736 1873 794 1909; x_wconf 90' lang='lat' dir='ltr'>M.</span> <span class='ocrx_word' id='word_1_267' title='bbox 814 1871 851 1909; x_wconf 89' lang='lat' dir='ltr'>in</span> <span class='ocrx_word' id='word_1_268' title='bbox 874 1885 909 1909; x_wconf 93' lang='grc' dir='ltr'><strong>ν.</strong></span> <span class='ocrx_word' id='word_1_269' title='bbox 968 1871 1055 1909; x_wconf 88' lang='lat' dir='ltr'>Hoc</span> <span class='ocrx_word' id='word_1_270' title='bbox 1075 1884 1162 1909; x_wconf 84' lang='lat' dir='ltr'>cum</span> <span class='ocrx_word' id='word_1_271' title='bbox 1196 1883 1368 1921; x_wconf 81' lang='lat' dir='ltr'>praesens</span> <span class='ocrx_word' id='word_1_272' title='bbox 1397 1884 1514 1909; x_wconf 88' lang='lat' dir='ltr'>causa</span> 
     </span>
     <span class='ocr_line' id='line_1_28' title="bbox 55 1933 1511 1986; baseline 0 -15"><span class='ocrx_word' id='word_1_273' title='bbox 55 1934 237 1980; x_wconf 88' lang='lat' dir='ltr'>ostendit,</span> <span class='ocrx_word' id='word_1_274' title='bbox 267 1941 347 1972; x_wconf 84' lang='lat' dir='ltr'>tum</span> <span class='ocrx_word' id='word_1_275' title='bbox 379 1934 498 1973; x_wconf 85' lang='lat' dir='ltr'>docet</span> <span class='ocrx_word' id='word_1_276' title='bbox 525 1935 814 1986; x_wconf 87' lang='lat' dir='ltr'>Harpocration</span> <span class='ocrx_word' id='word_1_277' title='bbox 835 1948 870 1972; x_wconf 90' lang='lat' dir='ltr'>v.</span> <span class='ocrx_word' id='word_1_278' title='bbox 890 1933 1072 1981; x_wconf 79' lang='grc' dir='ltr'>Ζητηταὶ.</span> <span class='ocrx_word' id='word_1_279' title='bbox 1129 1934 1385 1973; x_wconf 84' lang='lat' dir='ltr'>Monumeuta</span> <span class='ocrx_word' id='word_1_280' title='bbox 1411 1934 1511 1971; x_wconf 81' lang='lat' dir='ltr'>enim</span> 
     </span>
     <span class='ocr_line' id='line_1_29' title="bbox 54 1996 1512 2049; baseline 0.001 -15"><span class='ocrx_word' id='word_1_281' title='bbox 54 1996 213 2047; x_wconf 84' lang='lat' dir='ltr'>publica</span> <span class='ocrx_word' id='word_1_282' title='bbox 234 1997 377 2035; x_wconf 86' lang='lat' dir='ltr'>violare</span> <span class='ocrx_word' id='word_1_283' title='bbox 398 1998 504 2036; x_wconf 85' lang='lat' dir='ltr'>nefas</span> <span class='ocrx_word' id='word_1_284' title='bbox 523 1998 655 2044; x_wconf 86' lang='lat' dir='ltr'>fuisse,</span> <span class='ocrx_word' id='word_1_285' title='bbox 678 2004 842 2049; x_wconf 85' lang='lat' dir='ltr'>apparet</span> <span class='ocrx_word' id='word_1_286' title='bbox 861 2012 907 2035; x_wconf 86' lang='lat' dir='ltr'>ex</span> <span class='ocrx_word' id='word_1_287' title='bbox 930 1998 1203 2049; x_wconf 86' lang='lat' dir='ltr'>Aristophanis</span> <span class='ocrx_word' id='word_1_288' title='bbox 1225 1998 1344 2036; x_wconf 83' lang='lat' dir='ltr'>Ranis</span> <span class='ocrx_word' id='word_1_289' title='bbox 1364 2012 1398 2036; x_wconf 94' lang='lat' dir='ltr'>v.</span> <span class='ocrx_word' id='word_1_290' title='bbox 1419 2002 1512 2037; x_wconf 84' lang='lat'><strong>369.</strong></span> 
     </span>
     <span class='ocr_line' id='line_1_30' title="bbox 55 2059 1511 2111; baseline 0.003 -16"><span class='ocrx_word' id='word_1_291' title='bbox 55 2059 128 2096; x_wconf 91' lang='lat' dir='ltr'>Av.</span> <span class='ocrx_word' id='word_1_292' title='bbox 150 2072 185 2096; x_wconf 92' lang='lat' dir='ltr'>v.</span> <span class='ocrx_word' id='word_1_293' title='bbox 201 2063 318 2097; x_wconf 74' lang='lat'><strong>1054.</strong></span> <span class='ocrx_word' id='word_1_294' title='bbox 339 2073 421 2110; x_wconf 87' lang='lat' dir='ltr'>seq.</span> <span class='ocrx_word' id='word_1_295' title='bbox 477 2060 538 2097; x_wconf 90' lang='lat' dir='ltr'>De</span> <span class='ocrx_word' id='word_1_296' title='bbox 555 2073 712 2098; x_wconf 82' lang='lat' dir='ltr'>munere</span> <span class='ocrx_word' id='word_1_297' title='bbox 737 2067 809 2098; x_wconf 86' lang='grc' dir='ltr'>τῶν</span> <span class='ocrx_word' id='word_1_298' title='bbox 832 2059 1011 2107; x_wconf 84' lang='grc' dir='ltr'>Ζητητῶν</span> <span class='ocrx_word' id='word_1_299' title='bbox 1031 2060 1108 2098; x_wconf 90' lang='lat' dir='ltr'>vid.</span> <span class='ocrx_word' id='word_1_300' title='bbox 1139 2059 1320 2109; x_wconf 84' lang='lat' dir='ltr'>Sigonius</span> <span class='ocrx_word' id='word_1_301' title='bbox 1342 2060 1390 2097; x_wconf 88' lang='lat' dir='ltr'>de</span> <span class='ocrx_word' id='word_1_302' title='bbox 1413 2061 1511 2111; x_wconf 76' lang='lat' dir='ltr'>Rep.</span> 
     </span>
     <span class='ocr_line' id='line_1_31' title="bbox 55 2121 1512 2172; baseline 0.001 -15"><span class='ocrx_word' id='word_1_303' title='bbox 55 2121 201 2160; x_wconf 80' lang='lat' dir='ltr'>Athen.</span> <span class='ocrx_word' id='word_1_304' title='bbox 221 2122 246 2158; x_wconf 91' lang='lat' dir='ltr'>l.</span> <span class='ocrx_word' id='word_1_305' title='bbox 267 2122 336 2160; x_wconf 92' lang='lat' dir='ltr'>IV.</span> <span class='ocrx_word' id='word_1_306' title='bbox 351 2136 385 2160; x_wconf 95' lang='lat' dir='ltr'>c.</span> <span class='ocrx_word' id='word_1_307' title='bbox 402 2126 456 2169; x_wconf 87' lang='grc'>3.,</span> <span class='ocrx_word' id='word_1_308' title='bbox 476 2122 653 2160; x_wconf 86' lang='lat' dir='ltr'>Valesius</span> <span class='ocrx_word' id='word_1_309' title='bbox 670 2122 718 2160; x_wconf 88' lang='lat' dir='ltr'>ad</span> <span class='ocrx_word' id='word_1_310' title='bbox 737 2123 775 2160; x_wconf 90' lang='lat' dir='ltr'>d.</span> <span class='ocrx_word' id='word_1_311' title='bbox 797 2122 821 2163; x_wconf 87' lang='lat' dir='ltr'>l.</span> <span class='ocrx_word' id='word_1_312' title='bbox 845 2123 1038 2172; x_wconf 86' lang='lat' dir='ltr'>Harpocr.</span> <span class='ocrx_word' id='word_1_313' title='bbox 1059 2134 1098 2172; x_wconf 89' lang='lat' dir='ltr'>p.</span> <span class='ocrx_word' id='word_1_314' title='bbox 1114 2125 1178 2161; x_wconf 85' lang='lat'>36.</span> <span class='ocrx_word' id='word_1_315' title='bbox 1197 2123 1242 2158; x_wconf 91' lang='lat' dir='ltr'>A.</span> <span class='ocrx_word' id='word_1_316' title='bbox 1263 2121 1358 2158; x_wconf 87' lang='lat' dir='ltr'>edit.</span> <span class='ocrx_word' id='word_1_317' title='bbox 1376 2122 1512 2159; x_wconf 89' lang='lat' dir='ltr'>Blanc.</span> 
     </span>
     <span class='ocr_line' id='line_1_32' title="bbox 55 2183 1513 2235; baseline 0.001 -15"><span class='ocrx_word' id='word_1_318' title='bbox 55 2183 111 2233; x_wconf 84' lang='lat' dir='ltr'>(p.</span> <span class='ocrx_word' id='word_1_319' title='bbox 125 2186 189 2221; x_wconf 82' lang='lat'>85.</span> <span class='ocrx_word' id='word_1_320' title='bbox 210 2183 302 2221; x_wconf 88' lang='lat' dir='ltr'>edit.</span> <span class='ocrx_word' id='word_1_321' title='bbox 323 2184 528 2234; x_wconf 80' lang='lat' dir='ltr'>Gronov.)‚</span> <span class='ocrx_word' id='word_1_322' title='bbox 550 2190 589 2222; x_wconf 88' lang='lat' dir='ltr'>et</span> <span class='ocrx_word' id='word_1_323' title='bbox 609 2185 785 2235; x_wconf 87' lang='lat' dir='ltr'>Interpp.</span> <span class='ocrx_word' id='word_1_324' title='bbox 802 2184 850 2221; x_wconf 90' lang='lat' dir='ltr'>ad</span> <span class='ocrx_word' id='word_1_325' title='bbox 871 2185 968 2222; x_wconf 91' lang='lat' dir='ltr'>Poll.</span> <span class='ocrx_word' id='word_1_326' title='bbox 989 2184 1028 2221; x_wconf 92' lang='lat' dir='ltr'>d.</span> <span class='ocrx_word' id='word_1_327' title='bbox 1051 2184 1075 2222; x_wconf 86' lang='lat' dir='ltr'>l.</span> <span class='ocrx_word' id='word_1_328' title='bbox 1105 2183 1335 2228; x_wconf 78' lang='lat' dir='ltr'>Quaesitoris</span> <span class='ocrx_word' id='word_1_329' title='bbox 1355 2197 1513 2221; x_wconf 81' lang='lat' dir='ltr'>munere</span> 
     </span>
     <span class='ocr_line' id='line_1_33' title="bbox 55 2243 1511 2295; baseline 0.003 -15"><span class='ocrx_word' id='word_1_330' title='bbox 55 2243 267 2293; x_wconf 87' lang='lat' dir='ltr'>aliquando</span> <span class='ocrx_word' id='word_1_331' title='bbox 282 2245 458 2283; x_wconf 85' lang='lat' dir='ltr'>functum</span> <span class='ocrx_word' id='word_1_332' title='bbox 473 2245 590 2283; x_wconf 88' lang='lat' dir='ltr'>fuisse</span> <span class='ocrx_word' id='word_1_333' title='bbox 612 2246 870 2292; x_wconf 82' lang='lat' dir='ltr'>Andocidem,</span> <span class='ocrx_word' id='word_1_334' title='bbox 892 2252 1019 2284; x_wconf 86' lang='lat' dir='ltr'>narrat</span> <span class='ocrx_word' id='word_1_335' title='bbox 1040 2246 1232 2295; x_wconf 90' lang='lat' dir='ltr'>Harpocr.</span> <span class='ocrx_word' id='word_1_336' title='bbox 1249 2245 1286 2283; x_wconf 92' lang='lat' dir='ltr'>d.</span> <span class='ocrx_word' id='word_1_337' title='bbox 1304 2245 1328 2282; x_wconf 90' lang='lat' dir='ltr'>l.</span> <span class='ocrx_word' id='word_1_338' title='bbox 1366 2246 1511 2284; x_wconf 87' lang='lat' dir='ltr'>Eorum</span> 
     </span>
     <span class='ocr_line' id='line_1_34' title="bbox 54 2306 1512 2358; baseline 0.002 -16"><span class='ocrx_word' id='word_1_339' title='bbox 54 2318 146 2343; x_wconf 89' lang='lat' dir='ltr'>vero</span> <span class='ocrx_word' id='word_1_340' title='bbox 167 2307 233 2355; x_wconf 91' lang='lat' dir='ltr'>qui</span> <span class='ocrx_word' id='word_1_341' title='bbox 253 2313 332 2345; x_wconf 88' lang='lat' dir='ltr'>tum</span> <span class='ocrx_word' id='word_1_342' title='bbox 354 2307 473 2345; x_wconf 88' lang='lat' dir='ltr'>creati</span> <span class='ocrx_word' id='word_1_343' title='bbox 494 2314 595 2353; x_wconf 75' lang='lat' dir='ltr'>sunt,</span> <span class='ocrx_word' id='word_1_344' title='bbox 611 2307 862 2358; x_wconf 84' lang='lat' dir='ltr'>Diognetum,</span> <span class='ocrx_word' id='word_1_345' title='bbox 880 2307 1123 2351; x_wconf 86' lang='lat' dir='ltr'>Pisandrum,</span> <span class='ocrx_word' id='word_1_346' title='bbox 1144 2312 1183 2344; x_wconf 90' lang='lat' dir='ltr'>et</span> <span class='ocrx_word' id='word_1_347' title='bbox 1198 2306 1431 2354; x_wconf 83' lang='lat' dir='ltr'>Chariclem‚</span> <span class='ocrx_word' id='word_1_348' title='bbox 1452 2307 1512 2345; x_wconf 88' lang='lat' dir='ltr'>di-</span> 
     </span>
     <span class='ocr_line' id='line_1_35' title="bbox 54 2367 1512 2420; baseline 0.001 -16"><span class='ocrx_word' id='word_1_349' title='bbox 54 2373 154 2405; x_wconf 87' lang='lat' dir='ltr'>serte</span> <span class='ocrx_word' id='word_1_350' title='bbox 177 2374 363 2405; x_wconf 83' lang='lat' dir='ltr'>memorat</span> <span class='ocrx_word' id='word_1_351' title='bbox 379 2367 604 2406; x_wconf 85' lang='lat' dir='ltr'>Andocides</span> <span class='ocrx_word' id='word_1_352' title='bbox 623 2368 671 2406; x_wconf 83' lang='lat' dir='ltr'>de</span> <span class='ocrx_word' id='word_1_353' title='bbox 693 2369 813 2420; x_wconf 74' lang='lat' dir='ltr'>Mysi.</span> <span class='ocrx_word' id='word_1_354' title='bbox 836 2383 874 2419; x_wconf 87' lang='lat' dir='ltr'>p.</span> <span class='ocrx_word' id='word_1_355' title='bbox 895 2372 932 2407; x_wconf 83' lang='lat'>3.</span> <span class='ocrx_word' id='word_1_356' title='bbox 955 2383 990 2407; x_wconf 90' lang='lat' dir='ltr'>v.</span> <span class='ocrx_word' id='word_1_357' title='bbox 1015 2374 1052 2408; x_wconf 86' lang='lat'>6.</span> <span class='ocrx_word' id='word_1_358' title='bbox 1083 2381 1123 2419; x_wconf 89' lang='lat' dir='ltr'>p.</span> <span class='ocrx_word' id='word_1_359' title='bbox 1141 2373 1178 2406; x_wconf 86' lang='lat'>5.</span> <span class='ocrx_word' id='word_1_360' title='bbox 1196 2382 1230 2406; x_wconf 90' lang='lat' dir='ltr'>v.</span> <span class='ocrx_word' id='word_1_361' title='bbox 1246 2372 1311 2406; x_wconf 76' lang='lat'>44.</span> <span class='ocrx_word' id='word_1_362' title='bbox 1362 2369 1512 2407; x_wconf 88' lang='lat' dir='ltr'>Eodem</span> 
     </span>
     <span class='ocr_line' id='line_1_36' title="bbox 55 2429 1513 2481; baseline 0.001 -14"><span class='ocrx_word' id='word_1_363' title='bbox 55 2435 227 2480; x_wconf 78' lang='lat' dir='ltr'>tempore</span> <span class='ocrx_word' id='word_1_364' title='bbox 247 2443 294 2467; x_wconf 86' lang='lat' dir='ltr'>ex</span> <span class='ocrx_word' id='word_1_365' title='bbox 314 2429 514 2480; x_wconf 83' lang='lat' dir='ltr'>rogatione</span> <span class='ocrx_word' id='word_1_366' title='bbox 535 2430 747 2481; x_wconf 83' lang='lat' dir='ltr'>Cleonymi,</span> <span class='ocrx_word' id='word_1_367' title='bbox 769 2430 933 2468; x_wconf 87' lang='lat' dir='ltr'>celebris</span> <span class='ocrx_word' id='word_1_368' title='bbox 954 2430 1057 2467; x_wconf 89' lang='lat' dir='ltr'>illius</span> <span class='ocrx_word' id='word_1_369' title='bbox 1079 2430 1137 2468; x_wconf 85' lang='lat' dir='ltr'>vel</span> <span class='ocrx_word' id='word_1_370' title='bbox 1159 2430 1289 2481; x_wconf 80' lang='lat' dir='ltr'>potius</span> <span class='ocrx_word' id='word_1_371' title='bbox 1310 2430 1435 2468; x_wconf 85' lang='lat' dir='ltr'>dicam</span> <span class='ocrx_word' id='word_1_372' title='bbox 1457 2432 1513 2469; x_wconf 91' lang='lat' dir='ltr'>in-</span> 
     </span>
     <span class='ocr_line' id='line_1_37' title="bbox 55 2489 1512 2542; baseline 0.002 -14"><span class='ocrx_word' id='word_1_373' title='bbox 55 2489 180 2538; x_wconf 86' lang='lat' dir='ltr'>famis,</span> <span class='ocrx_word' id='word_1_374' title='bbox 204 2491 315 2540; x_wconf 89' lang='lat' dir='ltr'>cujus</span> <span class='ocrx_word' id='word_1_375' title='bbox 343 2491 539 2528; x_wconf 85' lang='lat' dir='ltr'>innumera</span> <span class='ocrx_word' id='word_1_376' title='bbox 571 2491 662 2529; x_wconf 82' lang='lat' dir='ltr'>vitia</span> <span class='ocrx_word' id='word_1_377' title='bbox 689 2493 748 2530; x_wconf 89' lang='lat' dir='ltr'>vel</span> <span class='ocrx_word' id='word_1_378' title='bbox 781 2494 925 2530; x_wconf 84' lang='lat' dir='ltr'>centies</span> <span class='ocrx_word' id='word_1_379' title='bbox 953 2492 1099 2530; x_wconf 83' lang='lat' dir='ltr'>notavit</span> <span class='ocrx_word' id='word_1_380' title='bbox 1130 2492 1425 2542; x_wconf 79' lang='lat' dir='ltr'>Aristophanes,</span> <span class='ocrx_word' id='word_1_381' title='bbox 1445 2495 1512 2542; x_wconf 86' lang='lat' dir='ltr'>qui</span> 
     </span>
     <span class='ocr_line' id='line_1_38' title="bbox 55 2552 1511 2608; baseline 0 -18"><span class='ocrx_word' id='word_1_382' title='bbox 55 2565 143 2608; x_wconf 84' lang='lat' dir='ltr'>cum</span> <span class='ocrx_word' id='word_1_383' title='bbox 179 2553 323 2590; x_wconf 85' lang='lat' dir='ltr'>Cleone</span> <span class='ocrx_word' id='word_1_384' title='bbox 351 2558 391 2590; x_wconf 89' lang='lat' dir='ltr'>et</span> <span class='ocrx_word' id='word_1_385' title='bbox 420 2552 666 2603; x_wconf 85' lang='lat' dir='ltr'>Cleophonte</span> <span class='ocrx_word' id='word_1_386' title='bbox 696 2553 794 2591; x_wconf 87' lang='lat' dir='ltr'>inter</span> <span class='ocrx_word' id='word_1_387' title='bbox 823 2553 1009 2603; x_wconf 88' lang='lat' dir='ltr'>pessimos</span> <span class='ocrx_word' id='word_1_388' title='bbox 1031 2554 1342 2603; x_wconf 85' lang='lat' dir='ltr'>Demagogorum</span> <span class='ocrx_word' id='word_1_389' title='bbox 1378 2553 1511 2591; x_wconf 83' lang='lat' dir='ltr'>referri</span> 
     </span>
     <span class='ocr_line' id='line_1_39' title="bbox 54 2616 1511 2667; baseline 0.001 -14"><span class='ocrx_word' id='word_1_390' title='bbox 54 2616 168 2661; x_wconf 86' lang='lat' dir='ltr'>solet,</span> <span class='ocrx_word' id='word_1_391' title='bbox 190 2620 308 2654; x_wconf 88' lang='grc'><strong>1000.</strong></span> <span class='ocrx_word' id='word_1_392' title='bbox 328 2616 526 2654; x_wconf 82' lang='lat' dir='ltr'>drachmae</span> <span class='ocrx_word' id='word_1_393' title='bbox 547 2616 582 2654; x_wconf 88' lang='lat' dir='ltr'>ei</span> <span class='ocrx_word' id='word_1_394' title='bbox 603 2617 772 2655; x_wconf 82' lang='lat' dir='ltr'>decretae</span> <span class='ocrx_word' id='word_1_395' title='bbox 794 2622 895 2662; x_wconf 82' lang='lat' dir='ltr'>sunt,</span> <span class='ocrx_word' id='word_1_396' title='bbox 917 2616 984 2667; x_wconf 88' lang='lat' dir='ltr'>qui</span> <span class='ocrx_word' id='word_1_397' title='bbox 1003 2616 1186 2655; x_wconf 86' lang='lat' dir='ltr'>facinoris</span> <span class='ocrx_word' id='word_1_398' title='bbox 1206 2623 1384 2654; x_wconf 86' lang='lat' dir='ltr'>auctores</span> <span class='ocrx_word' id='word_1_399' title='bbox 1406 2616 1511 2654; x_wconf 87' lang='lat' dir='ltr'>inve-</span> 
     </span>
     <span class='ocr_line' id='line_1_40' title="bbox 54 2677 1511 2729; baseline 0 -14"><span class='ocrx_word' id='word_1_400' title='bbox 54 2677 189 2722; x_wconf 86' lang='lat' dir='ltr'>nisset,</span> <span class='ocrx_word' id='word_1_401' title='bbox 212 2678 271 2715; x_wconf 86' lang='lat' dir='ltr'>vel</span> <span class='ocrx_word' id='word_1_402' title='bbox 293 2678 398 2716; x_wconf 89' lang='lat' dir='ltr'>aliud</span> <span class='ocrx_word' id='word_1_403' title='bbox 419 2678 613 2726; x_wconf 85' lang='lat' dir='ltr'>quoddam</span> <span class='ocrx_word' id='word_1_404' title='bbox 635 2678 830 2729; x_wconf 83' lang='lat' dir='ltr'>piaculum</span> <span class='ocrx_word' id='word_1_405' title='bbox 853 2678 1088 2718; x_wconf 84' lang='lat' dir='ltr'>indicasset:</span> <span class='ocrx_word' id='word_1_406' title='bbox 1122 2690 1237 2728; x_wconf 90' lang='lat' dir='ltr'>quam</span> <span class='ocrx_word' id='word_1_407' title='bbox 1271 2678 1391 2728; x_wconf 84' lang='lat' dir='ltr'>legem</span> <span class='ocrx_word' id='word_1_408' title='bbox 1415 2677 1511 2715; x_wconf 90' lang='lat' dir='ltr'>ulte-</span> 
     </span>
     <span class='ocr_line' id='line_1_41' title="bbox 55 2739 1509 2792; baseline 0.001 -16"><span class='ocrx_word' id='word_1_409' title='bbox 55 2739 134 2776; x_wconf 90' lang='lat' dir='ltr'>rius</span> <span class='ocrx_word' id='word_1_410' title='bbox 156 2740 386 2786; x_wconf 85' lang='lat' dir='ltr'>extendisse,</span> <span class='ocrx_word' id='word_1_411' title='bbox 409 2747 526 2789; x_wconf 88' lang='lat' dir='ltr'>atque</span> <span class='ocrx_word' id='word_1_412' title='bbox 542 2740 594 2778; x_wconf 91' lang='lat' dir='ltr'>ita</span> <span class='ocrx_word' id='word_1_413' title='bbox 613 2741 820 2792; x_wconf 84' lang='lat' dir='ltr'>ampliasse</span> <span class='ocrx_word' id='word_1_414' title='bbox 842 2741 994 2779; x_wconf 84' lang='lat' dir='ltr'>videtur</span> <span class='ocrx_word' id='word_1_415' title='bbox 1014 2741 1213 2786; x_wconf 87' lang='lat' dir='ltr'>Pisander,</span> <span class='ocrx_word' id='word_1_416' title='bbox 1233 2739 1300 2790; x_wconf 88' lang='lat' dir='ltr'>qui</span> <span class='ocrx_word' id='word_1_417' title='bbox 1321 2745 1458 2789; x_wconf 87' lang='lat' dir='ltr'>postea</span> <span class='ocrx_word' id='word_1_418' title='bbox 1473 2739 1509 2778; x_wconf 89' lang='lat' dir='ltr'>in</span> 
     </span>
     <span class='ocr_line' id='line_1_42' title="bbox 55 2799 1511 2852; baseline 0.001 -14"><span class='ocrx_word' id='word_1_419' title='bbox 55 2801 278 2850; x_wconf 84' lang='lat' dir='ltr'>Oligarchia</span> <span class='ocrx_word' id='word_1_420' title='bbox 299 2802 418 2851; x_wconf 87' lang='lat' dir='ltr'>magis</span> <span class='ocrx_word' id='word_1_421' title='bbox 448 2801 640 2848; x_wconf 87' lang='lat' dir='ltr'>inclaruit,</span> <span class='ocrx_word' id='word_1_422' title='bbox 661 2809 702 2840; x_wconf 89' lang='lat' dir='ltr'>ut</span> <span class='ocrx_word' id='word_1_423' title='bbox 719 2807 864 2841; x_wconf 89' lang='grc'><strong>10000.</strong></span> <span class='ocrx_word' id='word_1_424' title='bbox 893 2803 1098 2841; x_wconf 86' lang='lat' dir='ltr'>drachmas</span> <span class='ocrx_word' id='word_1_425' title='bbox 1127 2803 1231 2852; x_wconf 86' lang='lat' dir='ltr'>(quae</span> <span class='ocrx_word' id='word_1_426' title='bbox 1251 2799 1398 2838; x_wconf 82' lang='lat' dir='ltr'>eaedem</span> <span class='ocrx_word' id='word_1_427' title='bbox 1421 2807 1511 2840; x_wconf 88' lang='lat' dir='ltr'>sunt</span> 
     </span>
     <span class='ocr_line' id='line_1_43' title="bbox 55 2860 1512 2914; baseline 0.001 -14"><span class='ocrx_word' id='word_1_428' title='bbox 55 2875 101 2900; x_wconf 87' lang='lat' dir='ltr'>ac</span> <span class='ocrx_word' id='word_1_429' title='bbox 123 2868 213 2901; x_wconf 85' lang='lat'><strong>100.</strong></span> <span class='ocrx_word' id='word_1_430' title='bbox 236 2862 310 2900; x_wconf 89' lang='lat' dir='ltr'>illae</span> <span class='ocrx_word' id='word_1_431' title='bbox 336 2863 447 2900; x_wconf 90' lang='lat' dir='ltr'>minae</span> <span class='ocrx_word' id='word_1_432' title='bbox 466 2863 569 2913; x_wconf 88' lang='lat' dir='ltr'>apud</span> <span class='ocrx_word' id='word_1_433' title='bbox 592 2864 744 2902; x_wconf 80' lang='lat' dir='ltr'>Andoc.</span> <span class='ocrx_word' id='word_1_434' title='bbox 766 2877 803 2914; x_wconf 86' lang='lat' dir='ltr'>p.</span> <span class='ocrx_word' id='word_1_435' title='bbox 825 2868 864 2902; x_wconf 89' lang='lat'>6.</span> <span class='ocrx_word' id='word_1_436' title='bbox 886 2878 922 2903; x_wconf 88' lang='lat' dir='ltr'>v.</span> <span class='ocrx_word' id='word_1_437' title='bbox 944 2868 1008 2902; x_wconf 85' lang='lat'>23.</span> <span class='ocrx_word' id='word_1_438' title='bbox 1031 2871 1069 2901; x_wconf 90' lang='lat' dir='ltr'>et</span> <span class='ocrx_word' id='word_1_439' title='bbox 1090 2863 1171 2912; x_wconf 86' lang='lat'><strong>33.)</strong></span> <span class='ocrx_word' id='word_1_440' title='bbox 1193 2861 1339 2913; x_wconf 86' lang='lat' dir='ltr'>primus</span> <span class='ocrx_word' id='word_1_441' title='bbox 1359 2860 1512 2901; x_wconf 89' lang='lat' dir='ltr'>delator</span> 
     </span>
     <span class='ocr_line' id='line_1_44' title="bbox 55 2921 1508 2976; baseline 0.002 -16"><span class='ocrx_word' id='word_1_442' title='bbox 55 2923 274 2974; x_wconf 83' lang='lat' dir='ltr'>acciperet3</span> <span class='ocrx_word' id='word_1_443' title='bbox 308 2927 425 2961; x_wconf 85' lang='grc'><strong>1000.</strong></span> <span class='ocrx_word' id='word_1_444' title='bbox 444 2923 647 2963; x_wconf 87' lang='lat' dir='ltr'>drachmas</span> <span class='ocrx_word' id='word_1_445' title='bbox 673 2939 719 2963; x_wconf 84' lang='lat' dir='ltr'>ex</span> <span class='ocrx_word' id='word_1_446' title='bbox 748 2925 954 2976; x_wconf 79' lang='lat' dir='ltr'>Cleonymi</span> <span class='ocrx_word' id='word_1_447' title='bbox 985 2923 1251 2974; x_wconf 88' lang='lat' dir='ltr'>Psephismate</span> <span class='ocrx_word' id='word_1_448' title='bbox 1279 2922 1310 2960; x_wconf 92' lang='lat' dir='ltr'>is</span> <span class='ocrx_word' id='word_1_449' title='bbox 1331 2921 1508 2971; x_wconf 84' lang='lat' dir='ltr'>haberet,</span> 
     </span>
     <span class='ocr_line' id='line_1_45' title="bbox 56 2982 1509 3038; baseline 0.002 -16"><span class='ocrx_word' id='word_1_450' title='bbox 56 2984 122 3034; x_wconf 88' lang='lat' dir='ltr'>qui</span> <span class='ocrx_word' id='word_1_451' title='bbox 136 2984 330 3023; x_wconf 80' lang='lat' dir='ltr'>secundus</span> <span class='ocrx_word' id='word_1_452' title='bbox 354 2983 501 3022; x_wconf 80' lang='lat' dir='ltr'>suisset.</span> <span class='ocrx_word' id='word_1_453' title='bbox 558 2985 616 3024; x_wconf 84' lang='lat' dir='ltr'>Ita</span> <span class='ocrx_word' id='word_1_454' title='bbox 637 2985 794 3034; x_wconf 86' lang='lat' dir='ltr'>quidem</span> <span class='ocrx_word' id='word_1_455' title='bbox 815 2986 959 3036; x_wconf 86' lang='lat' dir='ltr'>colligo</span> <span class='ocrx_word' id='word_1_456' title='bbox 979 2998 1026 3023; x_wconf 86' lang='lat' dir='ltr'>ex</span> <span class='ocrx_word' id='word_1_457' title='bbox 1044 2984 1250 3023; x_wconf 88' lang='lat' dir='ltr'>Andocide</span> <span class='ocrx_word' id='word_1_458' title='bbox 1269 2985 1319 3023; x_wconf 86' lang='lat' dir='ltr'>de</span> <span class='ocrx_word' id='word_1_459' title='bbox 1335 2982 1453 3036; x_wconf 77' lang='lat' dir='ltr'>Myst.</span> <span class='ocrx_word' id='word_1_460' title='bbox 1471 2999 1509 3038; x_wconf 85' lang='lat' dir='ltr'>p.</span> 
     </span>
    </p>
   </div>
  </div>
 </body>
</html>
