1816 3272
386 231 724 273 LECTIONES
757 230 1158 274 ANDOCIDEAE.
1414 231 1496 272 207

39 340 300 391 antiquiorum
322 340 476 392 scriptis
501 353 546 378 ea
568 339 779 389 decerpsit,
795 327 950 390 *quibus
984 339 1082 378 vitas
1108 336 1378 378 excellentium
1398 338 1499 375 viro·

41 417 125 443 rum
159 404 377 442 adornaret.
434 404 493 441 Ac
523 401 779 452 Thucydides
809 402 980 451 quidem,
1007 401 1057 440 de
1084 401 1197 451 cujus
1222 400 1447 452 praestantia
1469 399 1501 438 si

41 465 137 516 quid
170 465 311 511 dicam,
332 463 572 502 tantumdem
599 463 649 501 de
674 463 790 501 laude
814 463 916 501 illius
941 464 1146 502 detrahere
1173 463 1316 510 videar,
1347 476 1436 502 cum
1463 468 1502 500 et

41 527 216 566 dilucide
241 533 281 565 et
316 526 521 577 diligenter
558 526 634 564 hoc
661 524 808 563 factum
838 526 1076 576 exposuerit,
1112 526 1266 564 nomina
1298 531 1425 563 tamen
1461 531 1502 562 et

43 590 312 628 accusantium
327 593 367 626 et
386 600 554 634 reorum,
574 593 834 639 praeterquam
848 587 1081 633 Alcibiadis,
1099 587 1264 637 prodere
1284 587 1426 632 omisit,
1448 587 1504 624 uti

42 657 83 690 et
100 651 334 690 Plutarchus
353 651 393 689 d.
414 651 440 688 l.
461 650 757 690 animadvertit:
789 650 893 700 quod
923 651 1003 689 sive
1027 651 1234 701 neglexerit
1260 649 1401 695 facere,
1422 649 1502 688 sive

44 714 226 760 noluerit,
246 726 323 751 non
343 719 493 752 statuo:
523 713 691 752 arbitror
711 719 837 752 tamen
858 713 907 751 de
927 713 1118 751 industria
1136 712 1266 763 potius
1289 712 1374 749 haec
1395 712 1501 750 illum

42 775 256 826 reliquisse,
276 789 324 814 ne
343 775 443 814 forte
464 775 578 826 cujus
607 775 779 813 animum
800 775 1031 821 offenderet,
1063 788 1150 813 cum
1176 774 1273 812 vivis
1303 774 1504 824 plerisque

42 850 176 875 eorum
196 838 399 884 scriberet,
420 838 485 886 qui
513 838 588 875 hoc
609 837 785 876 facinore
815 837 979 876 fuissent
1006 837 1213 875 nobilitati.
1269 836 1503 874 Plutarchus

44 912 106 946 ea,
125 899 163 938 in
183 900 324 949 quibus
343 913 365 938 a
384 899 575 938 brevitate
594 899 838 952 Thucydidis
857 899 1157 945 destituebatur,
1178 911 1225 936 ex
1240 897 1324 936 aliis
1345 898 1504 949 supple-

44 961 113 1009 vit,
141 976 231 1001 cum
261 962 481 1008 Historicis,
514 969 594 1000 tum
625 962 856 1001 Oratoribus
884 968 924 1000 et
953 962 1104 1001 Poetis:
1138 967 1189 1007 et,
1224 959 1331 1011 quod
1360 960 1408 998 ad
1445 973 1506 999 res

47 1025 197 1064 Siculas
216 1026 442 1078 pertineret,
463 1025 625 1064 maxime
645 1025 850 1063 Philistum
871 1024 1044 1063 Siculum
1065 1029 1221 1062 secutus
1239 1021 1407 1067 videtur,
1429 1021 1508 1059 vid.

46 1088 86 1125 in
106 1088 221 1127 Nicia
249 1102 287 1139 p.
308 1092 402 1127 523.
423 1088 465 1126 F.
487 1100 526 1139 p.
547 1091 639 1126 536.
662 1089 711 1126 A.
730 1101 770 1138 p.
791 1091 883 1126 542.
903 1089 973 1132 A.;
997 1087 1035 1125 in
1055 1084 1278 1124 domesticis
1295 1083 1509 1122 Athenien-

47 1150 145 1189 sium
174 1150 290 1189 rebus
311 1150 580 1189 describendis
600 1162 689 1188 cum
711 1149 798 1188 aliis
819 1149 874 1187 uti
894 1149 1037 1201 potuit,
1058 1154 1140 1186 tum
1157 1147 1334 1198 Ephoro,
1355 1151 1394 1184 et
1413 1146 1508 1184 Cra-

47 1211 174 1263 tippo,
190 1212 332 1263 aequali
346 1211 607 1264 Thucydidis,
623 1211 691 1262 qui
707 1213 753 1254 τὰ
767 1211 1066 1263 παραλειφθέντα
1086 1209 1156 1247 ὕπὸ
1173 1208 1396 1247 Θουκυδίδου
1416 1208 1509 1245 scri-

46 1279 118 1324 pto
137 1273 391 1324 consignavit.
447 1274 481 1310 V
485 1273 538 1311 id.
561 1272 725 1324 Dionys.
747 1272 946 1310 Halicarn.
967 1274 1049 1324 περὶ
1068 1278 1141 1309 τῶν
1159 1269 1379 1309 Θουκυδίδου
1397 1269 1510 1307 ’law-

45 1334 173 1384 μάτων
197 1347 236 1385 p.
259 1339 350 1373 143.
372 1349 408 1373 v.
428 1339 508 1381 41„
530 1335 939 1373 Pseudo-Plutarchus
967 1335 1004 1373 in
1033 1333 1242 1372 Andocide
1262 1346 1302 1384 p.
1323 1336 1415 1370 834.
1443 1332 1511 1383 D.,

48 1397 213 1435 Vossius
238 1397 287 1435 de
314 1397 524 1436 Historicis
551 1396 705 1435 Graecis
726 1397 753 1434 l.
776 1396 846 1435 IV.
864 1411 898 1434 c.
918 1401 956 1437 7.
977 1409 1016 1447 p.
1039 1400 1131 1434 458.
1190 1398 1243 1433 At
1263 1394 1511 1438 Plutarchus,

50 1472 170 1510 quum
198 1460 416 1498 Alcibiadis
441 1473 501 1498 res
529 1466 658 1511 gestas
687 1472 878 1506 enarrare,
898 1472 944 1497 ac
972 1457 1187 1509 praesertim
1215 1457 1412 1508 ingenium
1432 1470 1513 1495 mo-

49 1533 191 1573 resque
213 1522 313 1560 illius
343 1536 391 1560 ex
423 1523 502 1560 vita
529 1526 649 1572 atque
675 1520 789 1559 factis
815 1520 1022 1558 ostendere
1051 1519 1125 1557 sibi
1155 1519 1432 1570 proposuisset,
1467 1531 1515 1556 ea

50 1590 203 1623 tantum
225 1585 417 1623 memoriae
437 1583 623 1635 prodidit,
646 1596 733 1634 quae
760 1582 809 1620 ad
836 1583 963 1633 ipsum
991 1581 1228 1632 pertinerent
1254 1579 1515 1626 Alcibiadem,

50 1646 220 1698 reliquas
240 1646 452 1685 delationes
471 1646 598 1684 minus
617 1645 778 1691 curavit,
792 1643 1009 1683 Andocidis
1028 1656 1089 1681 res
1107 1643 1242 1681 leviter
1256 1643 1398 1694 attigit,
1415 1656 1512 1693 quas

49 1709 345 1758 praetermittere
367 1708 521 1746 silentio
543 1707 606 1746 vix
625 1714 793 1758 poterat,
823 1706 968 1757 quippe
997 1719 1086 1743 cum
1119 1705 1270 1743 illorum
1290 1711 1510 1756 temporum

52 1770 257 1809 momentis
291 1778 329 1808 et
358 1771 474 1808 rebus
500 1769 719 1808 Alcibiadis
746 1768 962 1807 arctissime
994 1780 1203 1806 connexas.
1261 1767 1516 1818 Quapropter

51 1845 130 1870 non
149 1837 208 1870 est
228 1831 459 1878 mirandum,
479 1830 585 1869 illum
606 1831 657 1869 ab
677 1830 888 1869 Andocide
907 1830 1140 1881 discrepare,
1167 1829 1248 1880 qui,
1274 1834 1316 1867 ut
1341 1842 1512 1880 praesens

53 1893 270 1945 periculum
284 1894 516 1945 depelleret,
531 1892 745 1931 orationem
766 1891 1009 1942 conscripsit,
1031 1896 1148 1940 atque
1165 1890 1202 1927 in
1223 1890 1323 1928 illam
1346 1903 1421 1927 non
1441 1889 1514 1927 nisi

51 1970 99 1996 ea
129 1956 336 2007 congessit,
369 1955 511 2006 quibus
538 1954 846 1993 adversariorum
883 1953 1042 1992 crimina
1070 1953 1247 1990 dilueret.
1304 1952 1513 1998 Quocirca,

52 2019 126 2058 etsi
145 2019 194 2057 de
214 2017 293 2056 fide
313 2017 531 2056 Andocidis
551 2030 627 2055 non
641 2016 755 2054 nimis
772 2015 974 2066 magnifice
996 2015 1134 2059 sentio,
1150 2020 1277 2052 tamen
1292 2021 1437 2052 tantam
1461 2014 1514 2051 illi

52 2079 352 2132 imprudentiam
375 2092 451 2117 non
475 2079 597 2117 ausim
619 2079 804 2125 tribuere,
823 2083 865 2115 ut
885 2077 924 2114 in
946 2090 986 2115 re
1006 2076 1184 2114 omnibus
1205 2076 1362 2126 cognita
1387 2083 1426 2113 et
1454 2089 1514 2113 re-

53 2144 158 2182 centi
178 2141 377 2187 memoria,
399 2154 531 2180 coram
558 2140 674 2178 sociis
702 2139 946 2184 calamitatis,
966 2144 1004 2176 et
1026 2138 1205 2182 inimicis,
1235 2144 1274 2175 et
1296 2137 1514 2186 judicibus,

53 2204 92 2242 in
109 2216 216 2242 suam
232 2202 443 2253 perniciem
463 2202 518 2239 ita
538 2201 586 2239 sit
605 2201 803 2247 mentitus,
820 2207 861 2237 ut
882 2199 978 2236 alios
999 2205 1203 2236 accusatos
1223 2197 1341 2236 fuisse
1361 2198 1516 2243 dixerit,

54 2278 172 2317 quam
197 2264 265 2315 qui
291 2276 425 2301 revera
444 2262 611 2306 fuerint3
642 2275 728 2300 cum
749 2268 787 2299 et
806 2261 854 2299 ad
877 2261 946 2298 hos
968 2260 1090 2312 ipsos,
1108 2266 1149 2298 et
1171 2258 1219 2297 ad
1239 2272 1319 2306 eos,
1340 2258 1408 2310 qui
1428 2260 1515 2297 Ma-

52 2328 237 2380 gistratus
263 2339 310 2364 eo
339 2331 513 2377 tempore
542 2324 761 2376 gessissent,
792 2336 867 2361 non
898 2335 976 2360 uno
1004 2322 1092 2360 loco
1120 2328 1319 2373 provocet.
1376 2322 1517 2370 Neque

53 2397 195 2435 tamen,
217 2388 395 2440 quamvis
415 2388 567 2425 diversa
585 2386 634 2424 ab
654 2385 871 2424 Andocidis
887 2384 1106 2423 narratione
1125 2384 1358 2422 Plutarchus
1373 2385 1518 2430 tradat,

53 2457 204 2490 tantum
226 2450 301 2488 hoc
318 2449 525 2487 discrimen
542 2462 625 2486 esse
642 2448 807 2492 videtur,
820 2453 864 2485 ut
879 2447 984 2484 nulla
1002 2446 1152 2498 ratione
1167 2446 1291 2498 possit
1309 2446 1514 2496 componi:

53 2525 141 2551 nam
163 2512 290 2563 primo
310 2510 486 2561 quidem,
509 2509 751 2560 Polytionem
773 2522 857 2546 csse
876 2513 1120 2553 accusatum,
1142 2507 1254 2557 quasi
1287 2504 1394 2545 domi
1414 2508 1516 2545 illius

53 2576 160 2625 (quae
187 2580 270 2612 erat
295 2573 335 2612 in
360 2572 513 2624 Ἑρμῶν
543 2573 649 2621 στοᾷ,
682 2571 758 2609 vid.
790 2570 958 2608 Pausan.
989 2571 1073 2608 Att.
1092 2583 1133 2621 p.
1153 2571 1210 2618 7.)
1237 2569 1387 2607 facinus
1415 2575 1518 2606 esset

55 2635 318 2681 commissum,
353 2647 589 2685 quamquam
619 2646 696 2671 non
727 2632 871 2671 diserte
897 2631 995 2670 dicit
1023 2631 1271 2677 Plutarchus,
1300 2628 1517 2668 interfuisse

57 2703 185 2736 tamen
204 2702 244 2734 et
262 2696 447 2736 Daduchi
467 2708 626 2734 munere
650 2695 825 2733 functum
847 2707 947 2740 esse,
967 2707 1015 2732 ex
1033 2698 1300 2732 accusatorum
1321 2690 1518 2728 delatione

57 2764 270 2798 memorat:
299 2758 395 2796 illud
424 2771 514 2796 vero
545 2771 632 2796 cum
661 2756 866 2795 Andocide
893 2755 1099 2794 confirmat
1119 2756 1311 2792 Isocrates
1331 2752 1381 2790 de
1411 2752 1516 2803 Bigis

56 2835 96 2873 p.
117 2825 208 2859 348.
225 2821 274 2857 A.
314 2819 470 2857 Deinde
485 2819 734 2857 Theodorum
758 2818 989 2857 Plutarchus
1009 2817 1110 2855 inter
1128 2829 1195 2854 eos
1216 2820 1430 2858 enumerat,
1448 2814 1517 2864 qui

57 2883 108 2921 de
134 2881 333 2933 Mysteriis
361 2880 516 2920 fuerunt
541 2880 728 2927 accusati,
756 2893 876 2930 quum
909 2880 1139 2917 Hermarum
1168 2876 1312 2914 crimen
1343 2875 1380 2912 in
1411 2876 1517 2913 illum

57 2943 266 2982 transferat
285 2941 511 2981 Andocides
529 2956 569 2993 p.
589 2947 627 2980 5.
646 2956 681 2980 v.
703 2946 767 2980 39.
825 2944 879 2978 At
899 2953 991 2978 vero
1011 2940 1107 2989 quid
1129 2937 1292 2988 impedit
1312 2937 1518 2987 quominus

57 3006 259 3054 utriusque
280 3003 452 3042 criminis
485 3016 591 3042 reum
618 3004 764 3042 factum
793 3002 999 3041 dicamus?
1044 3000 1148 3038 Nam
1179 3006 1219 3038 et
1247 3006 1517 3038 accusatorum
