1818 3189
247 182 317 231 88
680 183 1261 227 ΑΝΤΙΦΩΝΤΟΣ

148 297 228 334 '708
246 275 556 356 νομιμωτατην
605 304 685 332 και
748 279 1036 345 δικαιοτάτην
1095 282 1404 346 πεποιήκασιν
1465 284 1564 355 ὕμιν
1616 309 1694 348 την

243 355 535 425 α’ποψήφισιν
559 379 662 426 μου
692 353 807 420 φασι
828 355 914 410 δε
927 357 988 410 αὐ
1014 356 1066 411 τ6
1086 383 1136 411 τε
1162 358 1440 412 οἷποκτεινειν
1457 383 1585 429 με’γα
1603 383 1709 412 κα-·

245 430 480 522 κου’ξγημα
519 454 645 493 ειναι,
686 454 762 483 και
799 430 888 497 ἔγω
926 433 1132 503 ομολογω
1172 430 1387 504 μέγιστόν
1420 456 1494 500 γε,
1531 457 1611 486 και
1638 458 1690 486 το

245 507 497 596 ἷεροσυλειν
512 529 590 557 και
627 530 679 557 το
715 503 951 597 ’προδιδόναι
978 506 1058 569 την
1083 507 1229 560 πόλιν·
1259 507 1391 560 οἷλλοὶ
1415 531 1550 577 χωρις
1557 530 1690 602 περι

244 583 389 632 αυτῶν
413 578 606 632 ἕκαστον
633 581 670 632 οἵ
689 580 804 651 νόμοι
832 604 1017 633 κεινται.
1047 580 1140 654 ἔμοι
1167 579 1209 634 δε
1229 606 1396 673 wem-ov
1414 606 1510 652 μεν,
1533 606 1578 634 ου
1599 592 1691 641 τοῖς

242 652 405 714 α’λλοις
430 653 696 724 Ξεῖργεσθαι
733 679 1073 747 προαγορευουσι
1111 681 1200 716 τοις
1225 681 1302 709 του
1331 655 1453 721 φ6νου
1480 656 1688 723 φεύγουσι

144 742 224 780 ’709
243 753 330 788 τας
356 727 504 792 ὃικας,
526 729 760 782 3ἐνταυθοῖ
777 729 1051 793 πεποιήκασι
1079 730 1156 793 την
1177 754 1333 806 neco-tv,
1362 730 1401 784 ἔν
1428 734 1484 802 τῇ
1516 731 1683 818 α’γορᾷ·
1705 750 1758 785 25

241 802 404 856 ἔπειτα
430 803 614 875 τίμησιν
638 828 714 875 μοι
735 802 960 867 ἔποιήσαν,
989 829 1065 858 του
1091 806 1215 877 ν6μου
1242 829 1434 876 κειμενου
1467 803 1602 857 τδν
1568 829 1688 858 απο-

239 901 484 932 κτειναντα
510 879 869 941 ‹imavo-Quem,
898 902 942 930 ου
978 880 1056 931 τοῦ
1093 904 1187 950 εμοι
1227 881 1517 974 συμφέροντος
1542 878 1686 944 ἕνεκα,

237 952 372 1005 οἷλλοὶ
397 977 473 1005 του
494 952 644 1018 σφισιν
664 975 818 1011 αυτοις
842 954 1192 1013 λυσιτελοῧντος.
1222 977 1301 1006 και
1328 951 1570 1006 ἓνταυ3α”
1549 969 1688 1006 ελασ-

238 1051 313 1079 σον
340 1051 509 1099 ενειμαν
536 1030 599 1095 τῷ
633 1026 868 1118 τεθνηκ6τι
895 1053 981 1080 των
1018 1027 1057 1080 ἓν
1094 1029 1159 1097 τῷ
1190 1029 1299 1099 νόμῳ
1325 1047 1542 1098 κειμενων·
1573 1052 1618 1080 ου
1597 1026 1688 1080 ’ἴδ’

237 1125 380 1164 ενεκα,
407 1103 639 1170 γνώσεσθε
666 1101 902 1195 προίόντος
912 1104 990 1155 τοῦ
1013 1101 1165 1170 λόγου.
1195 1101 1365 1155 ἔπειτα
1387 1101 1494 1166 δε,
1469 1128 1489 1154 ο
1511 1102 1690 1162 πάντας

238 1176 362 1247 οἶμαι
388 1177 504 1248 ὁμας
530 1174 902 1239 επιστασθαι,“’
871 1201 1062 1230 απαντα
1088 1202 1151 1230 τα
1177 1174 1496 1270 ὃικαστῆξια’
1480 1201 1519 1229 εν
1545 1175 1688 1230 υπαῖ-

237 1251 329 1344 3340
355 1249 550 1342 ὃικαζει
551 1275 639 1310 τας
664 1249 793 1311 δικας
831 1275 907 1303 του
935 1252 1075 1316 φόνου,
1113 1249 1274 1311 ουὲενος
1311 1249 1459 1304 αλλου
1500 1274 1626 1303 ενεκα
1662 1276 1689 1313 η

238 1325 312 1377 ι’να
338 1349 470 1378 τουτο
495 1324 573 1396 μὲν
599 1326 637 1378 οἷ
663 1323 879 1378 δικασται
917 1325 1033 1397 (ιη’
1021 1325 1141 1378 ι’ωσιν
1169 1325 1229 1386 εἷς
1256 1351 1307 1379 το
1344 1350 1458 1378 αυτο
1497 1350 1589 1386 τοις
1623 1351 1687 1397 μη
1706 1351 1758 1386 30

239 1400 446 1493 καθαξοις
471 1424 558 1459 τας
580 1424 782 1492 χειρας,
779 1424 911 1453 τουτο
933 1399 1022 1453 δὲ
1003 1426 1022 1453 ο
1043 1399 1201 1453 διωκων
1221 1426 1300 1464 την
1321 1399 1440 1462 ὃικην
1466 1424 1544 1453 του
1566 1399 1689 1464 φόνου

238 1471 311 1526 ι’να
335 1499 399 1545 μη
425 1472 686 1545 4ομωρ6φιος
724 1499 903 1540 ’γινηται
929 1476 996 1543 τῷ
1032 1474 1244 1531 αυθεντη.
1284 1499 1338 1528 συ
1376 1473 1417 1527 δὲ
1455 1498 1586 1527 τουτο
1612 1472 1691 1546 μὲν

238 1548 478 1638 παρελὲων
498 1573 650 1600 τουτον
679 1573 754 1601 τον
780 1548 902 1619 ν6μον
927 1549 1178 1602 τοῦναντιον
1199 1574 1290 1610 τοις
1314 1547 1474 1609 ἀλλοις
1499 1573 1691 1612 πεποιη-

237 1643 340 1682 κας·
372 1647 507 1676 τουτο
535 1621 576 1676 δε
615 1620 704 1676 δεον
731 1647 781 1675 σε
802 1621 1149 1695 διομόσασθαι“’
1126 1649 1245 1718 ορκον
1272 1649 1348 1677 τον
1372 1648 1590 1695 μεγιστον
1610 1648 1690 1676 και

235 1695 554 1774 ισχυρότατον,
595 1695 807 1764 εξωλειαν
838 1698 964 1767 αυτῷ
1005 1723 1084 1751 και
1122 1699 1236 1766 ’γε’νει
1275 1723 1354 1752 και
1391 1698 1514 1751 οικιά
1538 1723 1594 1770 τη
1632 1721 1688 1769 ern

751 1819 923 1860 -εἴςγεσὲιιι
1041 1821 1054 1840 ³
1067 1819 1185 1851 ἐνταυθί

321 1821 331 1841 ¹
346 1819 417 1851 αὐτό
430 1831 462 1850 τε
478 1819 511 1850 τό
527 1821 644 1850 ἀποκτ.
1294 1822 1306 1841 ⁴
1318 1820 1475 1862 ὅμοῇἑόφιος
1489 1819 1604 1859 γένηται

277 1914 474 1944 Πεποιῆκιιο-ιν
509 1915 592 1956 ἦμῖν]
637 1914 739 1954 ξὙμῖν.
784 1915 944 1946 TAYLOR.
982 1915 1123 1945 maleficii
1140 1916 1170 1945 in
1186 1926 1339 1946 carcerem
1362 1922 1495 1956 raptum,
1519 1922 1549 1946 et
1568 1917 1640 1947 inde
1660 1917 1691 1947 in

235 1957 303 1997 ὑμῖν
328 1958 399 1988 dedi
415 1959 454 1988 de
469 1968 550 1992 meo,
566 1968 621 1997 pro
639 1958 757 1997 vulgari
775 1959 852 1996 ἦμῖν.
871 1959 946 1988 effe·
977 1958 1130 1999 judicium
1146 1960 1340 1998 productum,
1351 1959 1419 1998 ipso
1435 1960 1597 1998 injudicio
1618 1970 1692 1990 con·

234 2006 351 2036 cerunt,
367 2006 401 2030 ut
420 2003 488 2040 jure
505 2012 622 2031 summo
640 2007 672 2031 et
686 2000 881 2031 sanctissimo
897 2012 944 2031 me
981 2002 1135 2036 demuare,
1149 2013 1208 2032 uon
1225 2008 1259 2032 ut
1272 2004 1419 2043 κακοῧςγον
1432 2003 1614 2039 maleficum,
1634 2003 1691 2033 sed

233 2045 392 2074 absolvere
419 2044 547 2083 possitis
574 2054 591 2074 a
613 2044 739 2074 crimine
766 2043 946 2085 κακουργίας,
980 2050 1015 2074 ut
1030 2044 1224 2075 homicidam.
1268 2047 1347 2075 Nam
1371 2045 1540 2085 peculiaria
1561 2056 1616 2076 sua
1638 2056 1691 2076 cu·

233 2087 315 2126 quod
331 2088 371 2116 ob
384 2088 496 2117 crimen
513 2098 571 2127 ego
588 2087 618 2117 in
629 2097 782 2118 carcerem
795 2089 945 2118 abductus
975 2088 1087 2127 jusque
1104 2090 1266 2127 suntjura,
1281 2094 1342 2118 tam
1362 2089 1580 2124 maleficorum,
1599 2099 1691 2128 quam

233 2130 286 2160 fui.
308 2131 425 2160 Rssrsx.
980 2131 1209 2161 homicidarum.
1238 2132 1348 2170 Neque
1361 2131 1430 2161 illos
1445 2142 1483 2162 ex
1500 2132 1608 2162 horum
1620 2133 1691 2170 jure

276 2172 481 2213 Κακούςγημα]
498 2174 546 2203 Ita
559 2183 661 2203 merus
676 2177 706 2203 et
723 2173 855 2213 simplex
868 2172 945 2212 φόνος

234 2215 272 2244 ab
287 2216 375 2246 Jctis
392 2216 505 2246 Atticis
522 2217 552 2246 in
567 2227 693 2246 numero
712 2220 768 2247 τῶν
790 2227 943 2257 κακουςγη-

232 2258 336 2297 μάτων
350 2269 410 2289 non
427 2260 605 2295 habebatur,
619 2260 740 2289 tametsi
757 2270 813 2299 per
837 2270 869 2289 se
893 2270 944 2289 na-

234 2305 302 2331 tura
323 2312 378 2332 sua
402 2306 485 2331 esset
509 2303 559 2332 vel
583 2302 611 2332 in
635 2302 803 2342 praecipuis
827 2313 943 2332 eorum.

232 2343 312 2384 φόνου
333 2355 403 2374 rcus
419 2355 436 2374 a
451 2345 539 2374 vobis
562 2356 647 2386 agor,
670 2346 781 2385 inquit,
806 2350 836 2375 at
857 2350 944 2375 autea

233 2391 334 2416 tamen
355 2397 411 2426 pro
433 2387 576 2428 κακούργῳ
597 2389 716 2418 delatus
731 2389 770 2417 ad
786 2389 943 2427 magistra-

233 2433 297 2459 tum
313 2434 343 2460 et
358 2430 388 2459 in
406 2440 560 2460 carcerem
577 2432 697 2461 ductus.
718 2432 782 2461 haeo
806 2432 886 2461 inter
910 2442 942 2461 se

233 2483 291 2502 non
308 2477 458 2502 constant.
480 2475 573 2512 φονεὺς
588 2478 618 2504 et
634 2474 782 2514 κακοῦργος
795 2475 942 2505 differunt

232 2514 313 2546 inter
328 2526 373 2546 se.
419 2515 547 2556 [Arguit
571 2517 632 2547 sic:
663 2518 694 2547 Si
713 2517 784 2547 lieet
802 2518 830 2546 in
846 2518 942 2548 homi-

233 2558 317 2588 cidas
333 2569 423 2598 agere
443 2570 480 2589 ex
496 2560 585 2589 titulo
597 2559 889 2600 nanovgyiac,licebit
902 2572 940 2591 ex

232 2602 338 2632 eodem
362 2601 453 2632 titulo
470 2602 499 2631 in
523 2603 689 2643 sacrilegos
712 2614 832 2642 quoque
855 2609 886 2633 et
909 2604 940 2634 in

233 2645 406 2684 proditores
423 2644 527 2686 patriae
543 2656 644 2686 agere.
677 2646 791 2676 Verum
805 2646 863 2676 hoc
880 2657 939 2677 non

232 2687 316 2718 licet.
362 2689 438 2718 Nam
465 2688 608 2728 sacrilegi
628 2688 804 2726 judicantur
828 2695 859 2719 et
883 2700 939 2728 pu—

232 2730 356 2761 niunlur
371 2742 410 2761 ex
427 2732 608 2771 praescripto
624 2733 725 2770 legum
744 2732 940 2771 peculiariter

231 2774 270 2803 de
288 2775 325 2804 iis
340 2775 478 2810 latarum,
494 2785 561 2814 quae
573 2785 590 2805 a
602 2775 723 2815 legibus
739 2775 768 2804 in
785 2776 939 2805 maleficos

231 2816 302 2846 latis
316 2817 448 2847 diversae
462 2824 540 2848 sunt.
555 2819 636 2857 quod
658 2817 739 2848 idem
756 2829 877 2857 quoque
893 2819 938 2848 sic

231 2859 322 2889 habet
333 2860 363 2889 in
376 2862 598 2900 proditoribus.
646 2862 740 2900 Ergo,
751 2860 871 2890 etiamsi
885 2862 938 2891 ho-

231 2902 386 2932 micidium
408 2914 465 2933 non
490 2905 590 2934 minus
612 2903 742 2943 capitale
768 2904 809 2933 sit
823 2904 937 2934 maleli-

230 2944 322 2980 cium,
342 2957 429 2984 quam
449 2947 542 2977 ullum
559 2947 645 2977 aliud
661 2947 776 2982 scelus,
793 2947 876 2977 nefas
893 2952 937 2977 ta-

230 2997 297 3017 men
327 2994 375 3018 est
400 2990 550 3020 bominem
582 3001 621 3020 ex
651 2990 740 3021 titulo
774 2989 937 3031 κακουργίας

979 2174 1210 2212 licetjudicare‚
1221 2185 1319 2214 neque
1332 2175 1385 2204 hos
1397 2185 1436 2204 ex
1449 2175 1584 2205 illorum.
1610 2175 1691 2205 Con-

979 2218 1116 2256 sequitur
1145 2229 1183 2247 ex
1200 2218 1274 2254 ‚his,
1310 2217 1494 2247 vocabulum
1530 2219 1691 2258 κακοῦργος,

979 2261 1117 2299 quamvis
1143 2261 1299 2300 stirpitus,
1316 2261 1372 2290 hcc
1396 2266 1444 2290 est
1462 2271 1519 2300 per
1540 2261 1690 2300 etymolo-

977 2304 1070 2342 giam,
1086 2304 1233 2333 latissime
1246 2309 1360 2342 pateat,
1371 2304 1549 2342 nullumque
1564 2314 1623 2334 non
1636 2313 1688 2343 ge-

978 2357 1034 2376 nus
1052 2347 1201 2376 scelerum
1221 2346 1453 2385 complectatur,
1468 2351 1568 2376 tamen
1584 2346 1614 2376 in
1630 2357 1688 2377 usu

977 2389 1122 2428 loquendi
1136 2390 1204 2420 soro
1216 2389 1322 2420 Attico
1337 2389 1462 2428 proprio
1477 2393 1537 2418 tam
1554 2390 1614 2419 late
1627 2399 1687 2419 non

977 2437 1092 2471 patere,
1109 2433 1161 2464 sed
1180 2433 1215 2462 ad
1233 2433 1314 2462 solos
1327 2432 1423 2467 fures,
1437 2432 1584 2468 latrones,
1602 2442 1686 2472 gras·

977 2480 1106 2512 satores,
1133 2475 1370 2511 manticularios,
1397 2475 1613 2505 vecticularios
1638 2485 1688 2505 re-

977 2518 1098 2558 stringi,
1114 2519 1260 2548 brevibus
1274 2524 1308 2547 ut
1321 2517 1433 2554 dicam,
1449 2519 1488 2547 ad
1502 2529 1554 2548 eos
1569 2528 1686 2555 omnes,

977 2562 1027 2600 qui
1038 2562 1114 2590 bona
1128 2561 1405 2600 eripientes‚vitam
1418 2561 1558 2600 spoliatis
1569 2561 1686 2591 salvam

974 2604 1160 2643 relinquunt.
1205 2604 1286 2634 Male
1310 2605 1413 2643 itaque
1440 2603 1555 2634 faciunt
1578 2604 1687 2634 adver-

974 2647 1045 2677 sarii
1062 2647 1272 2683 mei,me‚alio
1284 2647 1409 2677 crimine
1422 2647 1451 2677 in
1464 2649 1516 2686 jus
1533 2651 1686 2683 vocatum,

973 2701 1010 2720 ex
1027 2689 1088 2719 alio
1103 2690 1352 2720 condemnantes.
1374 2690 1482 2721 Access.
1498 2690 1538 2720 ud
1552 2699 1609 2720 sua
1621 2690 1686 2721 An-

972 2732 1062 2773 tiph]
1086 2733 1191 2763 IDEM·

1013 2774 1047 2806 ‘0
1061 2775 1176 2817 διώκων]
1200 2775 1238 2805 V.
1258 2776 1333 2806 Not.
1345 2776 1547 2806 Valckenaer.
1558 2785 1590 2815 p.
1608 2776 1682 2806 6⁷1.

973 2819 1023 2848 ed.
1040 2819 1080 2848 R.

1015 2860 1186 2902 Τούναντίον]
1213 2862 1296 2901 Ergo
1320 2872 1376 2892 non
1399 2862 1457 2891 sub
1472 2861 1537 2897 dio,
1553 2861 1609 2891 sed
1626 2861 1684 2891 sub

972 2908 1064 2934 tecto.
1108 2905 1327 2934 Verumtamen
1342 2905 1452 2940 sorum,
1469 2904 1499 2934 ni
1516 2904 1682 2939 fallonsub

971 2947 1024 2976 dio
1041 2952 1115 2977 erat.
1164 2947 1242 2983 Quis
1260 2947 1332 2977 mihi
1350 2947 1460 2977 nodum
1486 2948 1565 2977 hunc
1585 2956 1682 2986 expe-

971 2990 1059 3020 diet?
1086 2991 1204 3020 Rmsx.
