1816 3272
410 253 746 297 LECTIONES
779 252 1179 324 ANDOCIDEAE.
1438 250 1523 293 219

60 359 110 399 de
129 363 336 413 ἀγχιστείᾳ
356 360 457 399 inter
476 375 516 399 se
536 359 842 405 contendebant,
861 359 1067 398 dicebatur
1085 360 1326 410 πρόσκλησις.
1382 356 1523 395 Pollux

59 422 85 461 l.
109 423 222 460 VIII.
243 436 361 474 segm.
383 427 448 461 62.
469 424 701 474 πρόσκλησις
722 421 760 460 δέ
783 422 884 460 ἐστιν
902 422 961 460 ε’πὶ
981 428 1052 460 τῶν
1072 419 1408 473 α’μφισβητοῦντων
1435 422 1521 465 κλή-

60 500 125 535 ρου
144 487 203 523 καὶ
222 485 433 536 ἐπικλήρου.

113 547 156 585 Si
177 547 264 598 quis
284 553 410 586 autem
433 546 618 597 virginem
639 546 838 596 ἐπίκληρον
853 544 1009 595 judicio
1036 551 1138 582 esset
1157 544 1338 595 adeptus,
1361 543 1521 582 teneba—

60 615 124 647 tur
144 615 202 647 ter
221 609 379 659 singulis
400 608 596 646 mensibus
618 621 705 646 cum
729 608 801 645 hae
823 620 940 645 uxore
961 618 1030 644 sua
1049 606 1308 644 concumbere
1326 619 1335 643 :
1368 605 1473 656 quod
1491 605 1522 643 si

58 671 142 721 ipse
172 671 269 709 virili
298 670 429 709 officio
458 670 565 722 fungi
596 683 672 707 non
703 677 849 721 posset,
883 669 1041 720 cognati
1061 667 1226 719 proximi
1247 667 1350 706 illius
1371 668 1459 705 loco
1482 667 1522 705 id

57 731 186 771 facere
206 732 429 771 debebant:
458 745 587 783 neque
604 738 731 770 tamen
753 731 896 769 licebat
908 731 1018 778 uxori
1037 731 1216 782 ἐπικλήρῳ
1237 743 1326 768 cuin
1346 728 1423 766 alio
1440 728 1522 767 viro

58 806 138 832 rem
158 794 317 841 habere,
339 794 411 832 nisi
431 807 518 832 cum
539 793 726 844 proximis
744 792 870 831 mariti
887 793 1076 843 cognatis,
1093 798 1136 830 ut
1154 791 1270 829 tradit
1288 791 1522 828 Plutarchus

57 856 96 894 in
117 856 250 895 Solon.
272 870 312 907 p.
329 860 394 896 89.
413 867 456 895 Β.
477 867 517 894 c.
548 855 716 894 Maritus
733 855 811 900 ille,
825 856 886 892 cui
903 854 1031 905 puella
1046 860 1129 892 erat
1148 852 1390 902 adjudicata,
1411 852 1524 890 simul

59 930 220 968 quoque
243 916 363 956 fiebat
391 922 510 970 κύριος
538 926 604 965 τῆς
630 918 844 969 ἐπικλήρουε
876 922 1044 955 tutorem
1065 915 1166 954 enim
1189 915 1421 966 legitimum,
1443 914 1523 963 (τὸν

58 980 192 1030 κύριον,
213 993 290 1018 non
311 994 402 1019 vero
421 981 486 1019 τὸν
506 981 728 1032 ἐπίτροπον)
749 979 873 1030 qualis
901 985 997 1027 erat,
1019 978 1086 1029 qui
1105 990 1245 1029 genere
1266 984 1370 1016 esset
1389 976 1522 1028 proxi—

57 1055 155 1088 muS‚
179 1042 323 1080 ducere
343 1055 428 1081 eam
448 1043 677 1094 oportebat:
708 1042 739 1080 si
773 1055 864 1080 vero
896 1041 981 1093 ipse
1010 1041 1157 1080 ducere
1186 1054 1263 1079 non
1293 1046 1437 1092 posset,
1459 1039 1524 1077 alii

57 1103 209 1142 elocare
237 1104 421 1152 debebat,
445 1105 513 1155 qui
542 1105 653 1143 simul
680 1104 840 1143 tutelam
875 1103 1046 1142 mulieris
1076 1103 1304 1154 susciperet.
1363 1103 1443 1140 Lex
1465 1107 1524 1140 est

57 1165 162 1216 apud
185 1165 490 1204 Demosthenem
513 1180 550 1205 c.
566 1167 703 1218 Steph.
721 1167 775 1204 II.
792 1180 832 1217 p.
853 1170 972 1205 1134.
995 1170 1059 1205 16.
1108 1166 1184 1203 “Hv
1200 1167 1247 1203 ἂν
1272 1166 1443 1219 ἐγγυήσῃ
1463 1164 1524 1202 ἐπὶ

58 1227 209 1271 δικαίοις
231 1227 404 1279 δάμαρτα
420 1227 528 1276 εἶναι,
545 1230 567 1274 ἢ
582 1231 717 1278 πατὴρ,
733 1230 754 1274 ἢ
771 1228 934 1280 α’δελφός
954 1228 1164 1279 ὁμοπάτωρ,
1181 1228 1202 1273 ἢ
1223 1227 1377 1270 πάππος
1396 1228 1414 1263 ὁ
1429 1226 1523 1277 πρὸς

57 1289 213 1340 πατρὸς,
234 1289 272 1327 ἐκ
290 1290 427 1337 ταύτης
446 1288 541 1329 εἶναι
561 1290 702 1334 παῖδας
724 1291 917 1339 γνησίους·
939 1290 1006 1328 ἐὰν
1031 1290 1071 1328 δὲ
1095 1289 1222 1342 μηέεὶς
1240 1287 1262 1344 ᾗ
1284 1289 1437 1338 τουτων,
1458 1289 1524 1326 ἐὰν

56 1349 125 1402 μὲν
143 1351 342 1402 ἐπίκληρός
361 1369 416 1395 τις
435 1349 474 1407 ᾗ,
501 1352 567 1391 τὸν
597 1356 722 1403 κύριον
753 1354 866 1404 ἔχειν,
893 1353 959 1390 ἐάν
985 1351 1021 1389 δὲ
1041 1354 1092 1404 μὴ
1112 1350 1149 1401 ᾗ,
1171 1351 1239 1403 ὅτῳ
1268 1353 1316 1389 ἂν
1343 1350 1521 1404 ἐπιτρέψῃ

57 1416 188 1451 τοῦτον
208 1416 329 1464 κύριον
349 1411 461 1452 εἶναι.
517 1414 659 1452 Viduae
679 1415 879 1465 ἐπικλήρου
900 1413 1001 1451 filius
1023 1414 1196 1452 secundo
1217 1419 1308 1464 post
1336 1412 1522 1462 puberta-

57 1480 134 1512 tem
156 1483 273 1520 ann'0‚
294 1474 420 1513 aetatis
441 1475 639 1526 vigesimo,
663 1475 766 1514 bona
794 1483 954 1525 paterna
979 1481 1018 1512 et
1047 1476 1149 1513 avita
1180 1475 1251 1512 sibi
1281 1473 1523 1525 acquirebat,

60 1536 252 1587 matrique
272 1536 453 1576 alimenta
472 1543 659 1587 praestare
675 1536 892 1575 tenebatur.
923 1536 1004 1574 Lex
1022 1538 1076 1575 ait
1092 1537 1196 1587 apud
1213 1536 1523 1574 Demosthenem

56 1597 96 1636 d.
117 1598 145 1636 l.
162 1611 203 1649 p.
221 1601 339 1637 1135.
355 1603 393 1637 3.
425 1601 501 1636 Καὶ
520 1600 588 1637 εἀἶν
606 1599 644 1646 ἐξ
660 1599 853 1650 ἐπικλήρου
871 1615 926 1641 τις
948 1601 1118 1647 γένηται,
1139 1599 1199 1635 καὶ
1218 1599 1299 1649 ἅμα
1319 1596 1444 1652 ἡβήσῃ
1465 1597 1524 1634 ἐπὶ

57 1659 184 1707 δίετες,
207 1666 352 1713 κρατεῖν
367 1668 440 1699 τῶν
456 1665 676 1715 χρημάτων,
699 1660 764 1699 τὸν
785 1659 821 1698 δὲ
843 1666 948 1699 σῖτον
967 1665 1111 1712 μετρεῖν
1132 1663 1174 1712 τῇ
1191 1663 1314 1711 μητρί.
1361 1658 1523 1705 Οὒκοῦν,

57 1721 170 1760 addit
189 1722 486 1770 DemostlleneS‚
508 1725 526 1761 ὁ
546 1723 616 1774 μὲν
635 1725 750 1775 νόμος
769 1723 903 1761 κελεύει
928 1721 1013 1765 τούς
1041 1721 1179 1765 παῖδας
1207 1721 1443 1769 ἡβήσαντας,
1463 1737 1526 1759 κυ-

56 1788 160 1835 ρίους
177 1791 241 1830 τῆς
258 1784 397 1836 μητρὸς
417 1783 526 1824 εἶναι·
548 1785 612 1823 τὸν
633 1784 670 1823 δὲ
692 1791 795 1823 σῖτον
814 1789 962 1836 μετρεῖν
980 1787 1022 1830 τῇ
1038 1787 1160 1835 μητρί.
1191 1783 1307 1821 Conf.
1330 1783 1451 1820 Isaeus
1473 1783 1522 1821 de

59 1845 212 1886 Cironis
232 1846 378 1884 Hered.
400 1859 440 1897 p.
459 1850 525 1887 72.
546 1860 582 1885 v.
606 1851 670 1887 17.
702 1860 814 1898 seqq.
845 1846 894 1884 de
923 1845 1139 1884 Aristarchi
1170 1844 1315 1883 Hered.
1335 1858 1374 1895 p.
1397 1848 1462 1883 30.
1482 1844 1521 1882 in

58 1907 151 1946 fine.
207 1908 420 1959 Hyperidis
447 1909 578 1947 locum
600 1910 764 1947 servavit
792 1908 1083 1959 Harpocration
1107 1922 1143 1946 v.
1170 1907 1348 1950 ἐπιὲίετες
1367 1905 1525 1955 ἡβῆσαι.

59 1969 320 2021 --”Υπερίδης
347 1970 388 2009 ἐν
417 1975 465 2023 τῷ
492 1972 582 2021 πρὸς
606 1971 762 2024 Χάρητα
788 1972 1019 2023 ἐπιτροπικῷ.
1073 1969 1221 2015 ῬΛ-ειὸὴ
1252 1968 1288 2006 δὲ
1314 1970 1525 2020 ἐνεγράφην

59 2032 147 2081 ἐγὼ,
168 2034 228 2070 καὶ
246 2033 266 2070 ὁ
285 2035 400 2085 νόμος
419 2032 623 2071 α’ποὸέδωκε
644 2036 712 2080 τὴν
733 2033 884 2085 κομιδὴν
902 2039 975 2071 τῶν
995 2030 1318 2083 καταλειφθέντων
1337 2034 1380 2082 τῇ
1400 2033 1525 2082 μητρὶ,

61 2095 104 2138 ὃς
122 2097 259 2133 κελεύει
280 2096 425 2146 κυρίους
454 2093 549 2133 εἶναι
578 2103 643 2141 τῆς
671 2096 882 2147 ἐπικλήρου,
909 2096 968 2133 καὶ
995 2103 1062 2141 τῆς
1092 2096 1224 2136 οὐσίας
1258 2092 1410 2139 ἁπάσης
1439 2093 1525 2136 τοὺς

59 2156 212 2204 παῖδας,
229 2156 380 2194 ἐπειδᾶν
400 2157 577 2200 ἐπιδίετες
596 2156 754 2205 ἡβῶσιν.
811 2156 927 2195 Cous.
948 2156 1100 2194 Petitus
1120 2156 1146 2194 l.
1167 2156 1238 2193 VI.
1260 2161 1287 2193 t.
1308 2158 1346 2192 2.
1367 2167 1407 2204 p.
1429 2157 1524 2192 55⁶.

61 2218 230 2268 Cognati
247 2219 302 2256 illi
321 2219 487 2269 proximi
509 2218 742 2258 dicebantur
760 2222 981 2271 α’γχιστεῖςῖ
1012 2218 1089 2256 vid.
1107 2218 1245 2256 Pollux
1261 2218 1286 2256 l.
1304 2217 1382 2255 ΙΙΙ.
1405 2230 1437 2255 s.
1457 2220 1525 2256 33.

60 2280 292 2318 Ammonius
308 2280 357 2318 de
378 2280 477 2319 Diff.
499 2281 650 2319 Vocab.
671 2294 710 2332 p.
729 2284 766 2318 3.
795 2282 1032 2332 Ἀγχιστεῖς,
1055 2283 1115 2318 καὶ
1133 2280 1354 2329 Συγγενεῖς,
1375 2280 1434 2316 καὶ
1452 2277 1522 2318 Οἰ-

61 2347 149 2381 κεῖοι
168 2342 415 2394 διαφέρουσιν.
470 2343 687 2395 Ἀγχιστεῖς
710 2342 778 2394 μὲν
800 2346 889 2393 γάρ,
909 2341 979 2389 οἷς,
1000 2341 1150 2379 ἐπειδάν
1169 2358 1226 2384 τις
1246 2341 1285 2378 ἐκ
1303 2345 1367 2379 τοῦ
1388 2341 1523 2389 γένους

60 2405 244 2460 ἀποθάνῃ,
267 2411 452 2456 συγχωρεῖ
478 2406 497 2442 ὁ
518 2406 632 2457 νόμος
653 2404 934 2443 α’ντιποιεῖσὲαι
953 2411 1026 2442 τῶν
1046 2405 1174 2443 τούτου
1195 2403 1361 2441 δικαίων·
1379 2402 1524 2451 Συγγε-

60 2471 139 2509 νεῖς
159 2466 212 2512 δὲ,
235 2467 269 2505 οἱ
291 2467 395 2511 ὄντες
414 2469 453 2506 ἐκ
473 2473 536 2506 τοῦ
557 2471 668 2506 αὺτοῦ
689 2471 833 2517 γένους,
855 2471 896 2506 οὒ
916 2471 1138 2520 καλούμενοι
1159 2467 1195 2505 δὲ
1213 2467 1285 2505 ὑπὸ
1305 2474 1378 2505 τῶν
1399 2469 1525 2518 νόμων

58 2527 118 2565 ἐπὶ
130 2532 176 2567 τὰ
197 2531 402 2580 α’γχιστικοῖ
423 2529 559 2568 δίκαια·
589 2529 733 2569 Οἱκεῖοι
754 2530 803 2577 δὲ,
820 2531 852 2568 οἶ
870 2533 948 2568 κατ’
966 2531 1176 2581 ἐπιγαμίαν
1195 2531 1460 2582 ε’πιμιχθὲντες
1475 2532 1525 2581 τῷ

61 2591 167 2641 οἵκῳι
197 2591 246 2628 ad
264 2603 380 2640 quem
397 2592 525 2630 locum
546 2592 742 2642 egregium
763 2592 869 2630 conf.
887 2592 1192 2631 Valckenaerius
1212 2593 1250 2630 in
1269 2591 1526 2630 Animadver-

62 2652 160 2690 sion.
180 2666 220 2703 p.
239 2659 279 2691 4.
307 2668 415 2705 seqq.
448 2655 616 2696 Suidas:
646 2656 880 2707 Ἀγχιστεία,
900 2658 922 2701 ἡ
949 2659 1127 2706 μετουσία
1163 2662 1228 2701 τῆς
1259 2658 1390 2697 οὒσίας
1419 2656 1526 2706 παρά

59 2715 319 2766 Ἀριστοφάνει
339 2716 379 2754 ἐν
391 2715 545 2767 ”Ορνισι
563 2720 617 2767 (v.
634 2720 772 2764 1660.)
793 2718 884 2769 ν’ὄθῳ
903 2720 956 2767 μὴ
977 2716 1073 2756 εἶναι
1094 2720 1335 2770 ἀγχιστείαν.
1393 2716 1523 2766 Hujus

64 2788 155 2813 vero
175 2777 403 2827 ἀγχιστείας
429 2779 576 2828 primus
598 2786 683 2816 erat
703 2785 877 2828 patrum,
900 2786 1129 2829 argumento
1150 2779 1263 2829 Legis
1289 2778 1355 2816 cit.
1377 2791 1423 2815 ex
1445 2779 1526 2816 De-

62 2837 202 2875 mosth.
219 2850 258 2888 p.
283 2841 402 2876 1134.
426 2843 488 2877 16.
508 2852 594 2878 nam
613 2840 667 2878 ibi
686 2840 719 2878 si
741 2853 869 2890 neque
887 2841 935 2878 sit
950 2847 1074 2891 pater,
1096 2854 1220 2888 neque
1241 2839 1374 2885 frater,
1400 2853 1526 2891 neque

61 2911 154 2937 avus
173 2903 372 2949 paternus,
391 2905 497 2937 tutor
510 2899 676 2950 jubetur
697 2901 769 2939 sibi
791 2901 875 2952 ipse
897 2901 1040 2940 habere
1062 2900 1264 2951 pupillam,
1281 2900 1339 2938 vel
1359 2900 1527 2939 elocare.

63 2961 116 2998 At
135 2959 220 3009 quis
239 2960 395 2998 tandem
419 2967 512 3011 post
543 2962 630 3001 illos
663 2976 761 3013 quos
791 2962 958 3001 diximus
985 2974 1124 3013 genere
1144 2961 1342 3012 proximus
1361 2967 1433 3006 est,
1455 2961 1529 2999 nisi

62 3021 250 3072 patruus?
308 3022 360 3061 Et
390 3022 547 3062 licuisse
577 3024 740 3063 Athenis
770 3024 932 3063 fratrum
968 3036 1224 3074 sororumque
1258 3022 1355 3062 filias
1388 3036 1526 3062 uxores
