1818 3189
237 195 322 236 206
720 192 754 234 I.
787 192 915 234 ΟΤΤ.
949 192 1226 234 SLUITERI

236 304 275 340 5.
298 314 333 339 v,
355 304 420 338 36.
439 299 584 344 Ἐπειδὴ
608 300 648 336 αἱ
674 299 849 350 μηνύσεις
868 299 1056 348 ἐγένοντο,
1076 301 1155 351 περὶ
1174 306 1247 338 τῶν
1266 299 1458 350 μηνύτρων
1485 297 1599 348 (ἦσαν
1618 302 1694 351 γάρ

237 366 332 402 κατά
362 363 401 401 τὸ
422 361 646 412 Κλεωνύμου
666 361 842 414 ψήφισμα
871 364 993 412 χίλιαι
1013 361 1190 416 δραχμαὶ,
1219 364 1313 400 nard.
1341 360 1377 398 δὲ
1397 361 1437 399 τὸ
1457 360 1694 412 Πεισάνδρου

237 426 377 477 μύριαι)
397 425 477 477 περὶ
497 423 532 462 δὲ
551 423 596 472 (f.
611 423 668 472 δὴ)
686 426 824 462 τούτων
843 423 1104 476 ἠμφισβήτουν
1124 422 1224 463 οὗτοί
1249 441 1286 462 τε
1305 424 1338 461 οἱ
1371 423 1618 475 μηνύσαντες,
1635 425 1694 461 καὶ

237 488 454 533 Πυθόνικος,
487 487 636 539 φάσκων
669 493 811 538 πρῶτος
850 488 1102 536 εἰσαγγεῖλαι,
1144 488 1204 524 καὶ
1238 486 1468 538 Ἀνδροκλῆς
1504 484 1594 536 ὑπὲρ
1627 492 1694 531 τῆς

236 548 378 597 βουλῆς
390 572 443 576 -
459 550 518 585 καὶ
536 549 766 600 ἐψηφίσαντο
785 550 913 600 πρώτῳ
928 549 998 600 μὲν
1015 548 1267 600 Ἀνδρομάχῳ
1286 547 1405 597 (conf.
1423 559 1462 598 p.
1482 550 1520 584 2.
1541 559 1576 584 v.
1597 548 1695 596 39.),

238 613 385 664 ῖευτέρῳ
410 611 450 650 δὲ
470 611 614 664 Τεύκρῳ
643 611 764 663 (conf.
786 625 826 663 p.
849 616 887 650 3.
908 625 942 649 V.
963 610 1057 661 10.)·
1079 613 1140 648 καὶ
1164 609 1307 659 ἔλαβον
1333 608 1616 656 Παναθηναίων
1644 611 1695 661 τῷ

236 676 371 723 ἀγῶνι,
385 673 647 725 Ἀνδρόμαχος
669 674 741 726 μὲν
760 677 896 726 μυρίας
917 672 1102 725 ἕραχμάς·
1137 672 1298 724 Τεῦκρος
1326 671 1366 710 δὲ
1385 674 1529 725 χιλίας.
1590 670 1704 709 Ρΐωέ

238 744 346 774 terea
371 735 489 781 ἄδεια,
515 735 596 773 sive
626 748 751 786 poenae
777 735 999 773 immunitas
1019 734 1322 786 promittebatur
1339 732 1389 778 ei,
1411 732 1492 783 qui,
1513 731 1697 770 facinoris

237 799 321 849 ipse
342 798 537 843 conscius,
557 798 653 836 alios
672 797 896 844 indicasset,
917 796 947 835 si
970 797 1130 847 quidem
1150 809 1240 836 vera
1258 795 1389 834 dicere
1407 794 1618 841 videretur,
1638 793 1697 832 sin

238 859 350 907 falsa,
372 858 530 911 capitali
561 872 673 909 poena
700 865 783 897 erat
811 858 1056 909 plectendus.
1091 858 1181 896 Vid.
1203 856 1431 896 Andocides
1450 855 1518 894 dd.
1539 856 1580 894 ll.
1598 869 1638 906 p.
1658 859 1698 892 4.

237 935 275 960 v.
297 925 336 959 2.
352 934 392 972 p.
412 924 451 959 5.
471 934 506 959 v.
527 924 606 967 33„
623 919 879 973 Thucydides
898 920 924 958 l.
943 920 1017 958 VI.
1040 933 1075 958 c.
1095 923 1176 967 60„
1195 918 1425 958 Plutarchus
1445 917 1484 955 in
1504 916 1636 956 Alcib.
1656 929 1698 968 p.

237 985 331 1021 202.
351 983 400 1020 A.

292 1044 347 1081 At
381 1048 463 1081 tum
494 1041 658 1094 quidem
676 1042 726 1081 de
758 1042 910 1081 Hermis
931 1042 1027 1079 nihil
1047 1048 1106 1080 est
1129 1041 1371 1080 indicatum:
1400 1052 1478 1077 non
1511 1038 1579 1077 diu
1608 1051 1700 1077 vero

238 1111 390 1158 postea,
406 1118 495 1143 cum
511 1104 644 1143 classis
660 1104 699 1141 in
715 1103 887 1141 Siciliam
907 1103 1046 1148 abiret,
1061 1101 1226 1151 jamque
1241 1101 1425 1140 Lamachi
1444 1101 1701 1151 Imperatoria

241 1167 406 1206 triremis
424 1174 581 1218 portum
601 1165 850 1217 relinqueret,
871 1164 1033 1203 surrexit
1057 1162 1270 1214 derepente
1285 1163 1528 1214 Pythonicus
1548 1162 1586 1200 in
1606 1174 1701 1199 con-

241 1229 366 1274 cione,
389 1241 476 1277 quae
495 1227 631 1265 ultima
651 1233 744 1265 tunc
764 1226 931 1265 ducibus
952 1225 1182 1271 habebatur,
1211 1231 1252 1262 et
1275 1223 1518 1262 Alcibiadem
1538 1236 1702 1261 accusa-

242 1291 310 1337 vit,
333 1290 439 1341 quod
470 1289 651 1341 mysteria
682 1288 878 1326 Eleusinia
903 1300 973 1338 per
994 1287 1121 1324 vinum
1148 1292 1187 1323 et
1213 1285 1350 1335 jocum
1386 1285 1633 1330 celebrasset,
1661 1297 1702 1321 se

243 1353 379 1391 dicens
399 1365 548 1390 servum
574 1364 657 1389 esse
685 1350 969 1401 producturum
1002 1349 1114 1386 unius
1143 1360 1291 1394 eorum,
1327 1346 1391 1395 qui
1418 1344 1635 1391 affuissent,
1671 1345 1704 1384 si

243 1413 526 1452 immunitatem
557 1412 611 1450 illi
641 1412 909 1450 decernerent.
965 1409 1228 1460 Obstrepente
1255 1408 1462 1446 Alcibiade
1494 1413 1534 1446 et
1556 1407 1703 1446 factum

243 1480 424 1525 negante,
447 1473 605 1512 semotis
625 1472 812 1524 profanis,
831 1471 1040 1510 adducitur
1059 1483 1191 1509 servus
1208 1469 1421 1508 Alcibiadis
1442 1469 1490 1507 ad
1507 1468 1704 1507 Polemar-

244 1537 361 1575 chum
382 1535 608 1584 quaestionis
635 1534 826 1572 habendae
853 1546 984 1578 causa,
1005 1532 1070 1571 cui
1098 1545 1240 1570 nomen
1260 1531 1570 1570 Audromachus.
1627 1530 1705 1569 Hic

243 1597 507 1644 Alcibiadem,
527 1596 747 1642 Niciadem‚
764 1594 1022 1643 Melitumque
1043 1600 1218 1640 accusat,
1238 1594 1350 1643 quasi
1365 1594 1404 1632 in
1418 1593 1569 1631 aedibus
1590 1593 1705 1643 Poly-

244 1660 360 1698 tionis
391 1658 582 1710 Mysteria
612 1657 824 1704 Eleusinia,
859 1657 1140 1695 sanctissimam
1170 1656 1410 1707 religionem,
1437 1655 1538 1692 inter
1562 1654 1706 1704 pocula

246 1733 317 1771 per
341 1719 478 1770 jocum
506 1719 798 1758 celebrassentz
841 1719 1017 1769 aliosque
1047 1719 1222 1758 addebat
1251 1718 1409 1757 affuisse
1441 1731 1530 1756 cum
1565 1718 1706 1756 liberos

244 1781 437 1827 homines,
459 1788 541 1820 tum
571 1795 714 1819 servos.
772 1781 924 1820 Deinde
954 1782 1105 1820 Teucer
1138 1784 1304 1833 μέτοικος
1332 1780 1510 1827 Athenis,
1532 1779 1598 1828 qui
1616 1779 1708 1817 inde

246 1845 411 1896 Megara
430 1844 597 1894 fugerat,
625 1844 718 1882 data
746 1844 862 1883 etiam
892 1845 999 1897 ἀδείᾳ
1031 1857 1208 1882 reversus
1234 1844 1421 1890 Athenas,
1441 1856 1481 1881 se
1507 1842 1591 1894 ipse
1619 1856 1708 1880 cum

249 1906 430 1945 undecim
450 1906 532 1944 aliis
548 1906 759 1944 accusavit.
814 1906 910 1944 Post
930 1905 1109 1957 Agar-iste
1133 1904 1414 1943 Alcmaeonidae
1435 1917 1532 1941 uxor
1558 1903 1596 1940 id
1626 1903 1710 1954 pia-

249 1968 379 2006 culum
401 1968 451 2006 ab
471 1966 693 2013 Alcibiade,
724 1967 919 2016 Axiocho,
937 1973 977 2005 et
997 1967 1206 2006 Adimanto
1226 1967 1333 2004 domi
1353 1965 1574 2004 Charmidae
1602 1978 1709 2003 corn-

251 2030 408 2068 missum
436 2043 519 2068 esse
554 2029 750 2068 indicavit.
808 2028 988 2068 Tandem
1020 2028 1153 2080 Lydus
1185 2028 1383 2067 Phereclis
1412 2040 1547 2066 servus.
1574 2027 1710 2066 herum

253 2105 364 2130 suum
382 2092 553 2141 aliosque
572 2092 684 2143 hujus
704 2091 873 2129 criminis
892 2104 977 2130 reos
995 2091 1101 2138 fecit,
1120 2097 1235 2140 atque
1256 2090 1294 2128 in
1314 2091 1371 2128 his
1393 2091 1619 2139 Leogoram‚
1639 2102 1711 2140 pa-

253 2161 350 2193 trem
377 2153 608 2198 Andocidis‚
632 2154 686 2192 uti
708 2161 836 2193 narrat
855 2155 1016 2200 Orator,
1047 2153 1096 2192 de
1124 2154 1245 2204 Myst.
1268 2167 1308 2204 p.
1328 2158 1367 2191 2.
1387 2165 1424 2190 v.
1442 2157 1508 2191 29.
1530 2165 1642 2203 seqq.
1670 2165 1711 2202 p.

253 2220 290 2254 3.
335 2218 389 2254 At
409 2216 541 2254 omnia
569 2216 646 2254 alia
671 2216 903 2255 Plutarchus
923 2216 962 2254 in
982 2215 1215 2254 Alcibiade:
1246 2214 1458 2253 secundum
1490 2214 1592 2252 hunc
1611 2214 1712 2252 enim

254 2278 472 2316 Androcles
492 2277 636 2316 Orator
656 2277 721 2327 (de
741 2290 818 2325 quo
847 2277 926 2317 vid.
948 2277 1104 2316 Ruhnk.
1131 2277 1234 2315 Hist.
1263 2277 1361 2315 Crit.
1389 2277 1460 2314 Or.
1480 2276 1554 2314 Gr.
1575 2287 1614 2326 p.
1631 2277 1715 2323 43.)

255 2352 386 2377 servos
412 2339 616 2377 nonnullos
645 2346 683 2377 et
709 2339 898 2390 μετοίκους
924 2339 1101 2390 protulit,
1122 2338 1189 2388 qui
1218 2336 1462 2376 Alcibiadem
1489 2336 1713 2385 amicosque

255 2408 496 2447 accusarent,
531 2401 651 2452 quod,
686 2414 794 2439 sacra
830 2401 1026 2439 Eleusinia
1055 2401 1226 2439 ludibrio
1256 2400 1456 2445 habentes,
1485 2398 1714 2437 Alcibiades

257 2463 552 2514 Hierophantae‚
571 2463 751 2513 Polytion
765 2462 950 2501 Daduchi
963 2463 1042 2502 sive
1057 2461 1256 2509 Taediferi,
1275 2461 1505 2499 Theodorus
1517 2460 1714 2499 Praeconis

258 2526 371 2571 sacri,
392 2525 430 2563 in
450 2524 657 2563 Eleusiniis
679 2537 834 2562 munera
850 2524 948 2574 joco
967 2531 1096 2563 essent
1115 2524 1266 2562 imitati.
1301 2523 1530 2561 Thessalum
1551 2534 1642 2560 vero
1660 2521 1716 2560 ait

259 2587 430 2626 Cimonis
452 2585 570 2625 filium
599 2585 719 2633 (conf.
748 2586 785 2623 iu
817 2586 981 2624 Cimone
1008 2599 1048 2637 p.
1069 2590 1161 2625 488.
1185 2586 1249 2634 C.)
1275 2597 1344 2622 suo
1368 2583 1522 2621 nomine
1541 2583 1714 2622 libellum

258 2648 517 2688 accusationis
538 2647 826 2697 subscripsisse,
846 2653 963 2696 atque
991 2647 1116 2698 ipsum
1136 2646 1310 2685 libellum
1338 2645 1505 2683 servavit
1525 2643 1564 2682 in
1582 2644 1714 2683 Alcib.

259 2725 299 2762 p.
321 2715 413 2749 202.
433 2710 480 2749 E.
536 2709 634 2748 Cum
656 2708 773 2759 igitur
794 2709 855 2747 liic
872 2715 1020 2747 tantum
1039 2709 1090 2747 ab
1110 2706 1316 2746 Andocide
1345 2707 1542 2758 discrepet
1563 2705 1714 2744 Plutar-

259 2774 371 2818 chus,
390 2772 590 2810 videamns
609 2770 699 2819 quid
722 2771 795 2809 hac
814 2770 862 2809 de
879 2783 919 2809 re
939 2769 1187 2809 statuendum
1208 2767 1270 2806 sit.

311 2834 410 2873 Haec
435 2834 608 2872 historiae
628 2832 769 2871 Atticae
797 2845 886 2883 pars
908 2845 955 2870 ex
976 2832 1097 2870 tribus
1127 2831 1370 2882 potissimum
1393 2829 1644 2881 scriptoribus
1659 2834 1717 2868 est

257 2896 544 2946 cognoscenda,
566 2908 730 2944 quorum
752 2894 830 2932 duo
860 2894 933 2945 ipsi
959 2893 1228 2937 interfuerunt,
1250 2891 1502 2943 Thucydides
1523 2898 1563 2929 et
1582 2890 1716 2929 Audo-

256 2958 362 2997 cidcs
378 2959 534 3005 Orator,
556 2958 689 2997 tertius
712 2956 941 2996 Plutarchus
973 2956 1138 2994 inaximo
1158 2954 1313 2993 delectu
1340 2966 1386 2992 ac
1406 2953 1484 2992 fide
1505 2965 1653 2992 summa
1670 2965 1717 2990 cx
