1818 3189
251 222 333 266 218
725 224 758 264 I.
792 224 918 265 ΟΤΤ.
951 223 1229 267 SLUITERI

356 330 434 367 Καὶ
452 333 494 384 τῇ
515 331 638 383 κόγχῃ
657 334 699 385 τῇ
721 332 823 370 πάνυ
845 338 986 383 σεμνῶς
1003 337 1083 375 τοῖς
1105 332 1311 384 σημείοισιν
1331 331 1482 387 ἐπούσῃ,

348 391 512 442 Ἔὲομεν
531 392 682 439 ταύτην,
703 392 804 437 ὅστις
823 395 871 432 ἂν
890 396 988 445 ἡμᾶς
1008 393 1264 443 ἀντιβολήσας
1283 395 1482 449 ἀναπείσῃ.

248 485 286 516 et
304 492 341 516 v.
361 483 453 520 587.

406 563 486 610 Τῆς
501 564 530 602 δ’
548 565 744 618 ἐπικλήρου
763 569 830 614 τὴν
851 567 1024 615 διαθήκην
1042 568 1178 612 ἀδικεῖς
1196 567 1546 623 ἀνακογχυλιάζων.

247 660 308 697 Ita
329 659 488 710 quidem
503 659 605 710 juris
626 667 723 709 erat,
745 664 776 701 si
797 664 884 714 quis
912 670 1187 702 testamentum
1219 664 1396 702 fecisset:
1429 663 1460 701 si
1490 675 1581 701 vero
1608 661 1707 700 inte-'

248 728 349 759 stato
371 728 473 760 esset
494 728 683 770 mortuus,
703 724 748 771 is,
770 726 837 775 qui
857 738 998 776 genere
1020 726 1219 777 proximus
1241 732 1356 772 esset,
1378 725 1461 776 lege
1474 724 1705 775 jubebatur,

246 783 415 833 puellam
436 784 511 822 sibi
537 784 575 822 in
597 785 886 825 matrimonium
915 793 1060 838 petere,
1082 788 1187 838 quod
1213 787 1422 826 dicebatur
1438 786 1708 831 ἐπιδικάζεσθαι

247 851 310 890 τῆς
343 846 564 898 ἐπικλήρους
606 854 645 886 et
674 854 754 885 tum
774 848 882 899 virgo
909 848 1030 887 fiebat
1054 850 1225 894 ἐπίδικος.
1282 849 1422 887 Pollux
1445 848 1471 885 l.
1491 848 1567 885 III.
1589 862 1620 886 s.
1641 852 1706 889 33.

244 906 438 951 Ἐπίδικος
453 908 503 954 δὲ,
521 909 747 960 ἡέπίκληρος
761 911 927 959 λέγεται,
944 910 1031 961 ὑπὲρ
1046 910 1090 957 ἧς
1102 909 1381 962 ἀμφισβητοῦσί
1393 925 1490 952 τινες
1508 910 1705 953 ἀλλήλοις,

245 970 294 1012 ὡς
313 971 465 1020 μᾶλλον
492 972 545 1013 εἰς
565 971 700 1014 αὐτοὺς
729 978 794 1017 τῆς
815 973 1040 1022 ἀγχιστείας
1060 975 1302 1019 καθήκουσης.
1358 970 1474 1009 Conf.
1494 970 1520 1008 l.
1540 969 1654 1007 VIII.
1676 983 1707 1008 s.

247 1033 313 1068 23.
331 1030 569 1082 Harpocrat.
586 1038 626 1071 et
645 1032 784 1071 Suidas
805 1033 842 1071 iu
860 1047 897 1072 v.
952 1035 1022 1073 Jus
1044 1034 1137 1073 illud
1160 1035 1278 1073 tradit
1298 1034 1418 1072 Isaeus
1438 1033 1478 1071 d.
1497 1032 1567 1070 Or.
1584 1045 1624 1082 p.
1639 1035 1706 1070 44.

245 1103 281 1128 v.
299 1094 363 1130 23.
375 1090 452 1131 ’Ἂν
464 1094 483 1130 ὁ
505 1097 623 1145 πατὴρ
639 1096 761 1132 αὐτῶν
773 1097 986 1141 τελευτῆσαι
1004 1096 1073 1146 (ita
1093 1097 1168 1147 leg.
1182 1096 1337 1134 videtur
1351 1108 1439 1133 cum
1462 1093 1638 1142 Reiskio)
1654 1095 1706 1144 μὴ

244 1156 459 1192 καταλιπὼν
487 1157 620 1199 αὐταῖς
639 1156 819 1204 γνησίους
838 1157 1035 1210 ἀδελφοὺς,
1059 1163 1136 1202 τοῖς
1155 1158 1346 1207 ἐγγύτατα
1365 1158 1496 1206 γένους
1525 1153 1707 1197 ἐπιδίκους

242 1212 342 1252 εἶναι
355 1216 374 1253 ὁ
387 1217 500 1268 νόμος
515 1218 649 1255 κελεῦει
666 1233 698 1255 κ.
713 1235 747 1256 τ.
760 1221 799 1256 λ.
828 1218 1033 1258 Demosth.
1049 1233 1084 1258 c.
1101 1221 1267 1259 Macart.
1285 1233 1324 1270 p.
1345 1222 1465 1259 1053.
1480 1230 1571 1268 pen.
1583 1215 1645 1254 ed.
1657 1215 1705 1253 R.

243 1275 574 1329 Ἐπιδικασάμενος
607 1281 655 1322 ὡς
688 1281 787 1328 γένει
820 1282 872 1318 ὢν
901 1281 1118 1330 ἐγγυτάτωῖ
1159 1294 1198 1332 p.
1226 1284 1346 1319 1056.
1373 1284 1412 1319 9.
1443 1279 1548 1322 ὄντες
1575 1279 1647 1328 γὰρ
1667 1277 1708 1316 ἓν

244 1340 362 1391 ταύτῷ
383 1341 483 1388 γένει
501 1340 708 1393 Θεοπόμπῳ
728 1343 787 1379 καὶ
806 1348 1057 1393 προσήκοντες
1085 1345 1221 1395 ὁμοίως
1251 1347 1300 1395 τῷ
1326 1344 1486 1394 Ἀγνίᾳ,
1506 1341 1549 1380 οὗ
1565 1341 1667 1380 ἐστὶν
1686 1341 1706 1378 ὃ

244 1401 391 1451 κλῆρος,
412 1401 529 1445 οὐδεὶς
548 1405 668 1442 αὐτῶν
687 1404 769 1441 οὔτε
787 1407 964 1455 πρότερον
981 1406 1139 1451 πώποτε,
1159 1407 1239 1443 οὔτε
1265 1413 1331 1444 νῦν
1358 1406 1577 1457 ἠνώχλησεν
1601 1405 1706 1453 ἡμῖν,

243 1460 326 1497 οὔτε
345 1462 646 1514 ἠμφισβήτησεν,
663 1466 743 1502 οὔτε
763 1471 826 1503 τοῦ
843 1468 977 1517 κλήρου
994 1472 1057 1505 τοῦ
1075 1468 1252 1516 Ἀγνίου,
1267 1466 1346 1505 οὔτε
1359 1476 1425 1513 τῆς
1445 1466 1623 1516 γυναικὸς
1642 1471 1708 1511 τῆς

242 1520 452 1573 ἐπικλήρου,
472 1528 518 1571 ἢν
538 1526 613 1574 ἐγὼ
629 1524 703 1578 ἐ’χω
718 1526 1040 1580 ἐπιδικασάμενος,
1055 1531 1260 1580 ἡγούμενοι
1277 1529 1350 1567 οὐδ’
1370 1530 1492 1567 ὁτιοῦν
1510 1530 1708 1580 προσήκειν

242 1582 388 1628 ἑαυτοῖς
407 1585 556 1630 οὺὲενὸς
583 1594 656 1625 τῶν
677 1589 863 1637 ‘Ayvt'ovt
893 1603 933 1640 p.
949 1594 1066 1631 1075.
1088 1594 1155 1629 25.
1185 1592 1260 1640 ἐγὼ
1281 1591 1309 1629 δ’
1338 1590 1612 1642 ἐπεδικασάμην
1638 1597 1708 1636 τῆς

241 1648 372 1684 τούτου
390 1648 543 1698 μητρός.
600 1648 700 1686 Vide
723 1655 763 1687 et
791 1650 933 1688 Isaeum
964 1650 1012 1689 de
1044 1651 1209 1690 Philoct.
1232 1651 1382 1690 Hered.
1404 1664 1444 1702 p.
1465 1654 1531 1690 62.
1551 1650 1636 1689 init.
1656 1648 1707 1688 de

243 1705 461 1746 Aristarchi
483 1710 626 1748 Hered.
647 1723 687 1761 p.
709 1715 774 1751 80.
796 1711 880 1750 init.
939 1712 1138 1751 Diodorus
1171 1713 1326 1751 Siculus
1355 1714 1382 1750 l.
1404 1712 1498 1750 XII.
1520 1725 1556 1750 c.
1575 1715 1641 1750 18.
1664 1723 1705 1762 p.

242 1770 335 1805 490.
365 1770 499 1819 Τρίτος
520 1771 556 1809 δὲ
578 1773 692 1823 νόμος
721 1772 901 1825 διωρθὼθη
921 1777 959 1824 (a
979 1775 1204 1823 Charonda)
1224 1777 1243 1814 ὁ
1262 1777 1349 1826 περὶ
1366 1781 1438 1814 τῶν
1456 1775 1660 1826 ἐπικλήρων
1686 1772 1706 1809 ὃ
1733 1780 1735 1783 “

243 1832 303 1868 καὶ
321 1835 424 1882 παρὰ
452 1833 595 1872 Σόλωνι
619 1838 799 1886 κείμενος·
818 1836 960 1874 ἐκέλευε
980 1840 1053 1888 γὰρ
1074 1841 1117 1885 τῇ
1136 1839 1318 1890 ἐπικλήρῳ
1347 1835 1622 1881 ἐπιδικάζεσθαι
1641 1835 1706 1874 τὸν

243 1889 406 1940 ἔγγιστα
423 1897 572 1942 γένους,
592 1896 765 1939 ὡσαύτως
785 1896 821 1935 δὲ
841 1899 900 1935 καὶ
920 1900 986 1943 τὴν
1007 1899 1207 1949 ἐπίκληρον
1226 1896 1504 1942 ἐπιδικάζεσθαι
1520 1900 1571 1948 τῷ
1589 1898 1705 1949 ιῖγχι-

245 1959 334 2000 στεῖ,
351 1952 381 2007 ᾦ
393 1955 440 2002 ἧν
458 1957 605 2005 α’νάγκη
627 1963 822 2005 συνοικεῖν,
836 1960 859 2004 ἢ
875 1961 1124 2004 πεντακοσίας
1143 1961 1284 1999 ἐκτίσαι
1305 1960 1477 2013 δραχμὰς
1492 1961 1544 2002 εἷς
1558 1959 1706 2011 προικὸς

244 2016 364 2064 λόγον
380 2020 422 2068 τῇ
443 2023 608 2072 πενιχρᾷ
629 2020 820 2073 ἐπικλήρῳ.
880 2021 1011 2060 Minus
1042 2035 1089 2060 ex
1121 2035 1224 2061 more
1251 2022 1384 2060 Attico
1404 2020 1603 2059 Diodorus
1623 2033 1705 2058 ver-

245 2076 336 2115 bum
356 2079 634 2125 ἐπιδικάζεσὲαι
655 2082 943 2133 dativojungit,
960 2097 1038 2134 quo
1059 2084 1180 2122 Attici
1199 2084 1406 2134 scriptores
1426 2096 1512 2121 cum
1532 2081 1705 2133 genitivo

246 2144 427 2185 utuntur;
449 2154 577 2193 neque
596 2143 710 2180 etiam
732 2145 823 2181 satis
839 2152 1020 2183 accurate
1040 2159 1087 2182 ex
1105 2145 1195 2196 jure
1212 2145 1347 2183 Attico
1367 2144 1496 2182 dotem
1517 2142 1705 2191 definivit,

245 2207 288 2239 ut
303 2203 508 2255 apparebit
527 2218 574 2242 ex
594 2203 656 2250 iis,
678 2219 766 2256 quae
787 2212 925 2257 postea
945 2206 1180 2246 dicerentur.
1237 2206 1443 2246 Terentius
1473 2205 1511 2244 in
1531 2205 1702 2256 Adelph.

245 2264 293 2302 A.
315 2264 385 2303 IV.
407 2266 474 2305 Sc.
496 2271 535 2305 5.
557 2280 592 2304 v.
616 2271 677 2306 16.

798 2359 822 2376 ‘¹
836 2356 934 2394 Haec
952 2355 1059 2406 virgo
1080 2355 1175 2393 orba
1191 2361 1251 2393 est
1269 2361 1394 2405 patre.

512 2416 589 2454 Hic
609 2430 718 2455 meus
738 2416 883 2456 amicus
906 2417 959 2455 illi
980 2430 1118 2467 genere
1137 2423 1196 2455 est
1213 2416 1424 2468 proximus.

511 2476 615 2514 Huic
638 2477 744 2528 leges
765 2484 912 2529 cogunt
932 2479 1079 2516 nubere
1098 2476 1238 2516 hanc.'’

244 2566 282 2603 in
312 2566 558 2614 Phormione,
591 2583 680 2620 quae
710 2571 842 2609 fabula
872 2585 918 2610 ex
952 2571 1182 2622 Apollodori
1214 2570 1515 2624 Ἐπιδικαζομένῃ
1547 2572 1606 2606 est
1635 2566 1701 2606 de-

244 2636 383 2676 sumta,
404 2632 450 2670 A.
475 2631 505 2668 I.
528 2631 592 2669 Sc.
612 2635 652 2670 2.
675 2645 710 2669 v.
728 2636 793 2672 75.
1693 2642 1697 2643 ⁷

468 2722 492 2742 “
511 2719 591 2757 Lex
612 2727 683 2766 est,
706 2725 747 2757 ut
768 2721 887 2767 orbae,
909 2720 976 2770 qui
996 2720 1072 2758 siut
1091 2731 1230 2770 genere
1249 2718 1428 2769 proximi,

509 2781 576 2819 Eis
598 2781 764 2820 nubant:
793 2788 833 2820 et
854 2783 938 2820 illos
959 2782 1102 2820 ducere
1123 2780 1258 2819 eadem
1278 2781 1364 2819 haec
1384 2780 1464 2818 Lex
1479 2778 1632 2830 jubet.''

243 2864 359 2902 Conf.
390 2866 564 2906 Budaeus
587 2868 809 2907 Comment.
831 2869 856 2906 l.
885 2869 957 2906 Gr.
980 2882 1019 2919 p.
1042 2882 1090 2906 m.
1113 2873 1192 2915 81.,
1225 2869 1390 2907 Grotius
1411 2869 1629 2907 Comment.
1648 2865 1697 2904 ad

243 2925 387 2965 Matth.
411 2928 441 2965 Ι.
463 2943 498 2969 v.
517 2934 596 2978 16.‚
617 2937 657 2970 et
674 2931 825 2969 Petitus
845 2930 1065 2968 Comment.
1086 2931 1134 2968 ad
1159 2931 1284 2980 Leges
1307 2932 1391 2968 Att.
1407 2930 1434 2968 l.
1456 2929 1528 2967 Vl.
1551 2934 1578 2966 t.
1599 2932 1636 2966 1.
1657 2939 1695 2977 p.

240 2992 331 3027 535.
353 2995 391 3027 et
411 2994 502 3030 539.
524 3005 632 3043 seqq.
692 2993 822 3040 Actio,
843 3005 919 3043 qua
949 2991 1102 3043 cognati
1122 2992 1308 3043 petebant
1332 2995 1398 3038 τὴν
1418 2993 1629 3040 ἐπίκληρον,
1658 2994 1697 3026 et
