1878 3272
370 167 372 169 ’
414 194 761 238 ORATORUM
796 191 1175 237 GRAECORUM.
1456 191 1529 232 xlv

67 308 115 346 ad
132 309 239 348 Suid.
256 323 293 349 v.
310 310 551 363 Δημοχάρης,
565 323 694 361 neque
706 310 756 349 ab
770 309 844 349 hac
859 310 1042 361 opinione
1054 309 1204 348 alienus
1217 311 1277 346 est
1288 304 1466 344 Valesius
1479 303 1530 343 ad

69 370 263 422 Harpocr.
285 372 312 410 l.
336 386 374 411 c.
392 373 459 410 sed
481 386 567 411 cum
591 372 721 410 nullus
741 371 927 410 Comicus
946 385 993 409 eo
1015 371 1171 409 nomine
1191 372 1531 414 commemoretur,

67 432 321 485 Δημοκλείδην
337 440 459 475 mutat
476 435 514 473 in
528 433 791 486 Τιμοκλείδην,
807 434 1077 485 patronymico
1094 433 1221 484 posito
1237 444 1309 484 pro
1321 429 1529 481 Τιμοκλῆς.

68 495 276 534 Enimvero
295 509 367 534 nec
387 495 574 534 Comicus
600 495 892 547 intelligendus,
913 508 986 533 nec
1007 508 1148 533 nomen
1174 493 1339 532 hominis
1363 496 1422 530 est
1443 502 1530 529 mu-

68 556 244 595 tandum.
300 557 403 594 Nam
424 557 677 596 Democlides
697 565 755 596 est
775 564 907 596 orator
928 557 1097 603 Atticus,
1119 555 1378 595 Democharis
1399 566 1530 605 aequa-

68 618 128 664 lis,
155 619 268 669 cujus
294 620 530 659 mentionem
550 619 644 659 facit
666 620 877 672 Dionysius
902 619 1102 658 Halicarn.
1125 619 1163 657 in
1189 617 1390 656 Dinarcho
1413 620 1446 665 ξ.
1467 617 1531 655 ια’.

70 680 136 718 sed
164 685 207 718 ut
233 681 321 719 loca
343 682 443 720 inter
468 695 507 720 se
534 682 750 733 pugnantia
772 682 1045 729 concilientur,
1065 679 1314 719 statuendum
1341 692 1363 716 a
1384 679 1534 717 Timaeo

69 741 268 793 duplicem
301 756 385 781 esse
426 743 623 794 proditum
658 742 775 792 hujus
816 742 984 781 convicii
1016 747 1232 787 auctorem,
1267 739 1534 778 Archedicum

69 804 272 843 Comicum
305 811 346 844 et
378 805 648 843 Democlidem
681 805 905 852 Oratorem,
937 804 1143 855 Polybium
1176 814 1267 840 vero
1299 807 1338 839 et
1371 800 1536 839 Suidam

69 868 160 905 satis
189 867 369 906 habuisse
402 868 632 906 alterutrum
661 880 683 906 e
718 867 870 905 Timaeo
903 877 1222 906 commemorare.
1287 862 1350 901 Ad
1386 863 1535 901 Demo-

68 929 222 967 charem
245 935 419 968 nostrum
438 929 555 968 etiarn
575 929 754 977 refertur,
775 929 884 980 quod
905 934 1036 967 narrat
1057 928 1209 966 Seneca
1228 925 1277 964 de
1293 925 1356 963 Ira
1375 925 1453 963 ΙΙΙ.
1469 929 1534 965 23.

69 994 92 1011 “
113 991 378 1029 Demochares
397 990 445 1029 ad
465 990 704 1042 Philippum,
721 991 1006 1029 Parrhesiastes
1027 989 1079 1027 ob
1098 989 1254 1027 nimiam
1268 994 1307 1026 et
1329 999 1537 1038 procacem

69 1052 238 1103 linguam
253 1054 487 1105 appellatus,
504 1054 605 1092 inter
617 1054 712 1091 alios
728 1052 1028 1091 Atheniensium
1044 1052 1194 1102 legatos
1208 1055 1383 1088 venerat:
1402 1048 1538 1087 audita

15 1152 21 1157 ,
74 1115 239 1165 benigne
264 1116 454 1165 legatione
474 1115 693 1165 Philippus,
726 1114 874 1161 Dicite,
896 1113 1035 1165 inquit,
1053 1113 1158 1158 mihi,
1179 1111 1307 1150 facere
1328 1110 1422 1162 quid
1443 1123 1537 1161 pos-

77 1188 160 1213 sum
180 1175 286 1225 quod
307 1177 358 1214 sit
378 1175 683 1214 Atheniensibus
703 1176 880 1226 gratum?
936 1171 1407 1225 ExcepitiDemochares.
1461 1170 1536 1217 Te,

71 1236 212 1286 inquit,
228 1236 505 1287 suspendere.''
534 1236 620 1275 Nec
639 1236 811 1275 dubitari
831 1241 962 1287 potest
981 1236 1085 1273 hunc
1106 1235 1234 1285 ipsum
1247 1231 1535 1271 Democharem

71 1297 366 1347 intelligendum
392 1312 490 1345 esse,
515 1298 584 1349 qui
610 1311 658 1337 ex
686 1298 829 1348 linguae
855 1298 1050 1344 libertate,
1077 1297 1191 1346 cujus
1220 1295 1337 1334 etiam
1360 1293 1537 1344 exempla
1554 1295 1636 1330 182

74 1366 164 1398 sunt
190 1360 292 1411 apud
327 1360 472 1400 AElian.
498 1360 548 1399 V.
574 1360 623 1398 H.
652 1360 728 1399 ΙΙΙ.
756 1364 796 1401 ’7.
825 1359 940 1398 VIII.
971 1363 1039 1398 12.
1067 1372 1144 1397 non
1175 1356 1293 1395 modo
1319 1367 1539 1407 cognomen

71 1421 364 1468 Parrhesiastae,
397 1422 464 1460 sed
497 1422 613 1460 etiam
647 1421 825 1460 exsilium
860 1421 1019 1459 invenit.
1053 1434 1089 1459 v.
1123 1418 1325 1458 Plutarchi
1361 1419 1538 1456 Demetr.

69 1496 109 1533 p.
139 1488 232 1522 900.
257 1485 305 1521 Α.
336 1484 482 1522 Verum
511 1483 617 1535 quod
650 1483 919 1522 Demochares
945 1482 994 1520 ad
1022 1481 1251 1532 Philippum
1275 1480 1423 1530 legatus
1453 1491 1540 1516 esse

70 1545 273 1597 profectus
300 1545 458 1592 dicitur,
484 1546 524 1583 id
556 1545 739 1596 temporis
768 1545 937 1583 rationes
969 1544 1061 1582 satis
1088 1542 1284 1581 refellunt.
1343 1541 1539 1579 Nimirum

73 1607 248 1654 Senecae,
266 1607 369 1659 quod
391 1607 476 1645 aliis
492 1607 588 1644 locis
611 1606 710 1644 bene
731 1606 878 1651 multis,
901 1602 1025 1643 id'hic
1045 1617 1203 1656 quoque
1223 1602 1384 1650 accidit,
1406 1609 1450 1640 ut
1470 1615 1541 1653 per

74 1668 270 1706 memoriae
297 1668 448 1719 lapsum
477 1667 700 1719 Philippum
728 1667 875 1706 diceret
899 1680 970 1718 pro
999 1667 1223 1717 Antipatro.
1280 1665 1357 1703 Res
1386 1664 1492 1702 clara
1517 1677 1539 1703 e

71 1730 239 1782 Polybio
262 1732 286 1770 l.
312 1745 347 1770 c.
368 1730 452 1769 καθ’
471 1729 512 1769 οὗ
530 1730 820 1782 [Antipatrum]
842 1731 1172 1782 πεπαῤῥησίασται
1195 1730 1324 1767 πολλοὶ
1343 1730 1402 1766 καὶ
1426 1728 1540 1766 δυνά-

70 1807 166 1842 μενα
187 1796 334 1831 λυπεῖν.
390 1792 556 1831 Omnem
572 1792 741 1843 denique
757 1792 1048 1830 dubitationem
1066 1790 1166 1829 tollit
1183 1791 1397 1828 Decretum
1418 1789 1540 1828 Athe-

74 1854 265 1893 niensium
287 1868 404 1907 supra
423 1854 636 1901 laudatum,
660 1855 697 1892 in
719 1867 800 1905 quo
819 1867 907 1893 cum
935 1866 1069 1892 omnes
1090 1852 1348 1891 Democharis
1368 1852 1537 1890 honores

73 1922 361 1964 recenseantur,
378 1916 483 1955 nulla
503 1916 704 1967 legationis
724 1916 774 1954 ad
794 1916 1035 1967 Philippum,
1052 1922 1190 1954 contra
1210 1915 1354 1953 diserta
1374 1913 1537 1965 legatio-

75 1977 134 2014 nis
148 1978 196 2016 ad
214 1979 464 2030 Antipatrum
483 1977 527 2016 fit
546 1978 707 2017 mentio.
764 1979 808 2016 In
831 1984 915 2016 tota
931 1977 1190 2016 Democharis
1207 1977 1286 2015 vita
1306 1976 1402 2014 nihil
1418 1976 1538 2027 magis

75 2038 218 2078 eminet
237 2047 354 2091 atque
375 2047 518 2087 exstat,
537 2053 653 2092 quam
681 2040 790 2090 quod
812 2040 862 2078 ab
891 2040 1100 2086 avunculo,
1122 2039 1404 2086 Demosthene,
1426 2038 1542 2077 imbi-

74 2101 199 2150 berat,
226 2102 477 2142 democratiae
509 2102 680 2142 studium
705 2102 999 2154 tyrannidisque
1025 2102 1176 2140 odium.
1206 2107 1210 2111 '
1237 2102 1375 2152 Itaque
1400 2114 1421 2139 a
1446 2114 1539 2139 vero

73 2163 282 2202 abhorrere
310 2165 476 2211 videtur,
505 2164 610 2216 quod
634 2164 831 2215 Diogenes
861 2165 989 2203 Laert.
1018 2164 1112 2202 VII.
1141 2166 1207 2202 14.
1234 2163 1366 2209 tradit,
1395 2162 1539 2200 Demo-

74 2223 231 2263 charem
252 2227 428 2276 gratiam,
453 2239 530 2276 qua
556 2225 660 2276 apud
682 2226 921 2276 Antigonum
942 2226 1168 2263 Gonnatam
1190 2223 1359 2269 floreret,
1381 2222 1538 2262 Zenoni

75 2286 312 2338 philosopho
343 2287 577 2326 venditasse.
641 2288 843 2339 Superest,
879 2294 921 2326 ut
953 2287 1151 2338 duplicem
1185 2285 1354 2324 Fabricii
1385 2285 1424 2322 in
1460 2298 1538 2323 uno

75 2349 229 2387 homine
250 2362 419 2387 errorem
440 2349 685 2399 castigemus.
743 2349 845 2387 Nam
868 2348 1170 2395 Democharem,
1191 2360 1302 2399 quem
1319 2347 1411 2385 alibi
1430 2353 1540 2385 recte

75 2410 175 2449 inter
202 2418 376 2450 oratores
403 2410 604 2456 retulerat,
635 2411 680 2449 Β.
708 2411 761 2449 G.
790 2411 881 2449 Vol.
909 2411 964 2449 ΙΙ.
990 2423 1030 2462 p.
1059 2414 1124 2451 57.
1154 2410 1256 2448 inter
1280 2408 1539 2460 philosophos

76 2473 312 2522 Platonicos,
332 2480 372 2512 et
394 2487 434 2525 p.
462 2479 556 2513 402.
585 2474 687 2512 inter
713 2473 971 2524 philosophos
1001 2473 1159 2511 Stoicos
1185 2477 1377 2517 recenset,
1398 2470 1539 2508 ductus

76 2535 164 2582 levi,
192 2536 252 2574 vel
285 2536 391 2574 nullo
424 2536 554 2587 potius
585 2541 830 2586 argumento,
862 2534 969 2585 quod
1005 2534 1273 2573 Demochares
1305 2545 1328 2570 a
1361 2532 1543 2582 Diogene

79 2596 206 2636 Laert.
229 2597 297 2635 lV.
316 2601 383 2636 21.
405 2611 491 2636 cum
516 2597 701 2643 Arcesila,
720 2597 813 2635 VII.
836 2601 900 2635 14.
920 2609 1009 2635 cum
1028 2594 1185 2635 Zenone
1208 2594 1353 2633 dicitur
1371 2594 1540 2645 aliquem

81 2670 190 2695 usum
212 2659 406 2697 habuisse.

134 2719 239 2756 LXI.
268 2720 548 2760 CHARISIUS.
606 2719 669 2758 De
685 2718 866 2758 Charisio
880 2718 1021 2757 Cicero
1039 2719 1161 2755 Bruto
1177 2721 1243 2756 83.
1273 2720 1298 2738 “
1317 2716 1366 2754 Et
1383 2714 1541 2766 quidem

81 2781 160 2819 duo
177 2781 334 2820 fuerunt
351 2796 423 2833 per
443 2783 544 2821 idem
567 2789 720 2834 tempus
740 2781 949 2820 dissimiles
968 2781 1069 2819 inter
1088 2794 1143 2827 se,
1163 2779 1231 2817 sed
1246 2778 1369 2816 Attici
1390 2784 1518 2816 tamen
1528 2791 1545 2821 ;.

83 2857 246 2894 quorum
269 2844 468 2884 Charisius
493 2845 699 2884 multarum
727 2844 961 2891 orationum,
987 2855 1084 2893 quas
1113 2841 1310 2879 scribebat
1331 2839 1430 2885 aliis,
1451 2852 1542 2878 cum

81 2918 224 2957 cupere
250 2905 447 2944 videretur
472 2906 611 2945 imitari
640 2906 811 2958 Lysiam,
840 2902 1135 2943 Demochares''
1154 2924 1206 2930 —
1228 2902 1278 2940 Et
1305 2914 1421 2940 mox:
1453 2905 1479 2922 “
1501 2906 1543 2938 at

82 2967 246 3005 Charisii
273 2967 356 3006 vult
385 2966 572 3019 Hegesias
597 2980 679 3006 esse
708 2967 884 3006 similis.’'
940 2964 1206 3011 Quintilianus
1234 2963 1285 3001 X.
1314 2967 1351 3001 1.
1382 2976 1420 3014 p.
1449 2967 1546 3003 499.
