1818 3189
289 226 376 270 200
767 224 804 268 Ι.
836 223 962 266 ΟΤΤ.
990 220 1271 265 S-LUITERI

289 341 458 388 quatuor
477 332 626 384 priores
647 331 776 370 literas
794 345 893 369 verae
923 332 1100 371 lectionis
1121 333 1308 378 continet,
1329 342 1416 370 cum
1446 331 1483 371 O
1509 338 1549 371 et
1575 333 1739 384 Osaepe

287 398 328 436 in
350 396 464 434 MSS.
487 393 692 444 permutari
714 393 875 435 soleant.
921 394 970 432 Et
989 407 1080 432 sane
1096 394 1214 432 fuisse
1231 394 1267 431 in
1284 394 1495 432 Parthenio
1514 403 1642 433 monte
1663 402 1739 434 ter-

287 462 412 499 minos
434 458 662 509 Argivorum
685 465 723 494 et
749 458 1002 508 Tegeatarum
1024 457 1211 496 docemur
1240 458 1289 495 ab
1323 457 1458 495 eodem
1494 458 1683 496 Pausania
1702 458 1740 496 in

288 521 435 561 Arcad.
453 533 489 559 c.
505 524 543 558 6.
563 532 602 570 p.
622 524 713 559 610.
735 521 827 557 εἰσὶν
843 518 958 562 οῧνές
975 517 1348 570 Ἀρκαὲίανέσβολαὶ
1369 522 1462 557 κατά
1482 522 1548 565 τὴν
1561 520 1742 570 Ἀργείαν

287 584 380 636 πρὸς
398 582 469 633 μὲν
485 582 626 620 “Ύσιῶν
645 583 703 619 καὶ
723 585 816 619 κατεῖ
837 583 876 620 τὸ
896 582 977 633 ὅρος
997 581 1037 619 τὸ
1060 580 1275 627 Παρθένιον
1299 582 1335 624 ἐς
1356 584 1423 626 τὴν
1439 581 1683 632 Τεγεατικήν,
1702 587 1743 619 et

287 660 324 685 c.
345 650 410 684 54.
431 658 469 696 p.
490 649 583 685 710.
625 642 902 694 ὑπερβάλλοντι
930 643 968 681 ἕὲ
995 646 1062 689 τὴν
1089 645 1248 695 κορυφὴν
1280 648 1343 680 τοῦ
1377 643 1482 692 ὄρους
1509 642 1742 693 (Parthenii)

287 709 388 747 ἐστὶν
407 707 448 745 ἓν
466 712 544 749 τοῖς
561 704 630 752 ἤδη
657 706 950 756 γεωργουμένοις
978 704 1176 753 Τεγεατῶν
1206 704 1284 755 ὅροι
1315 705 1373 742 καὶ
1397 706 1589 754 Ἀργείων,
1615 706 1691 742 καθ’
1716 706 1741 741 ἃ

286 772 346 809 καὶ
372 770 413 808 ἐν
432 772 476 825 τῇ
497 771 592 807 κατά
607 767 747 811 “Υσια“ς
765 768 806 805 ἐν
823 766 1026 818 Ἀργολίδι.
1083 767 1157 804 Per
1176 766 1261 818 ὄρος
1281 779 1437 817 quoque
1457 766 1682 818 Παρθένιον,
1701 766 1742 805 τὸ

285 831 375 882 ὑπὲρ
393 829 552 880 Τεγέης,
573 829 739 868 Athenis
769 827 1089 866 Lacedaemonem
1109 827 1182 865 iter
1201 827 1295 866 fecit
1315 828 1569 879 Phidippides
1589 841 1740 873 cursor,

285 900 330 933 ut
343 899 404 932 est
421 892 527 944 apud
543 890 693 929 Herod.
714 891 738 927 l.
760 890 830 927 VI.
852 903 888 927 c.
908 892 1012 934 105.;
1050 888 1142 927 add.
1160 889 1349 927 Cellarius
1369 890 1518 941 Geogr.
1540 892 1634 928 Ant.
1655 895 1685 928 t.
1707 890 1740 927 Ι.

284 970 325 1008 p.
345 959 437 995 992.
494 953 533 992 Si
552 959 681 990 tamen
699 964 789 989 vera
802 951 852 989 sit
866 958 906 989 et
924 964 1102 1002 germana
1121 950 1238 989 lectio
1259 964 1391 989 eorum
1413 964 1503 1001 quae
1523 957 1742 1003 sequuntur

792 1012 982 1027 ‚‚‚‚‚

285 1082 360 1133 γὰρ
389 1079 432 1125 δὴ
460 1076 565 1121 οὗτος
593 1077 633 1114 ἐκ
661 1082 724 1115 τοῦ
750 1075 957 1127 Πάρνωνος
989 1075 1129 1113 κάτεισι
1160 1076 1253 1126 ῥέων
1280 1075 1339 1113 διὰ
1364 1085 1430 1121 τῆς
1455 1074 1653 1127 Ἀργείας,
1684 1076 1745 1113 καὶ

284 1141 475 1180 ἐκδίδωσιν
493 1140 531 1183 ἐς
551 1140 617 1178 τὸν
633 1138 826 1190 Θυρεάτην
845 1140 1008 1176 κόλπονῑ
1049 1137 1149 1183 haec,
1177 1137 1350 1187 inquam,
1370 1137 1487 1176 lectio
1508 1137 1539 1175 Sl
1559 1150 1650 1175 vera
1679 1137 1741 1183 Sit,

285 1204 416 1242 Parno
431 1215 541 1240 mons
560 1201 663 1239 idem
685 1200 752 1251 qui
772 1200 1016 1245 Parthenius,
1039 1199 1099 1237 vel
1114 1211 1299 1237 cacumen
1314 1204 1380 1236 aut
1398 1199 1508 1237 locus
1529 1198 1688 1250 quidam
1703 1198 1742 1237 iu

285 1267 354 1305 illo
374 1270 504 1303 monte
522 1263 652 1309 fuerit,
678 1262 780 1301 forte
800 1262 838 1299 in
859 1261 1117 1314 Sylburgiaua
1135 1260 1363 1310 conjectura
1382 1261 1631 1311 acquiescere
1650 1273 1743 1312 pos-

286 1328 420 1373 simus,
440 1324 629 1375 legentis:
661 1324 750 1375 ὅρος
769 1323 952 1375 Πάρνωνε
982 1323 1044 1361 vel
1069 1323 1108 1360 ἐκ
1134 1326 1196 1361 τοῦ
1222 1322 1427 1374 Πάρνωνος
1445 1323 1560 1362 etiam
1588 1329 1743 1360 mutan-

286 1389 378 1428 dum
397 1388 437 1426 in
456 1388 495 1425 ἐκ
513 1393 577 1425 τοῦ
595 1385 827 1438 Παρθενίου.
882 1385 1037 1424 Tanum
1056 1383 1213 1427 fluvium
1239 1383 1279 1421 in
1306 1383 1533 1434 Argivorum
1555 1383 1744 1422 Lacedae-

285 1450 584 1500 moniorumque
615 1447 760 1486 finibus
790 1447 923 1493 fuisse,
955 1446 1078 1484 docet
1105 1458 1263 1496 quoque
1289 1445 1566 1496 Euripidesin
1593 1447 1746 1487 Electra

284 1526 321 1552 v.
339 1516 431 1551 410.

570 1596 646 1641 Ὀς
664 1599 760 1650 ἀμφὶ
778 1595 947 1648 ποταμὸν
964 1594 1105 1641 Τανὸν,
1124 1595 1305 1644 Ἀργείας
1325 1594 1433 1647 ὅρους

577 1659 775 1710 Τέμνοντα
794 1661 924 1706 γαίας,
941 1654 1210 1706 Σπαρτιάτιδός
1230 1671 1268 1693 τε
1286 1662 1370 1705 γῆς,

575 1719 766 1772 Ποιμναῖς
781 1720 946 1770 ὁμαρτεῖ,
966 1718 1109 1760 πόλεως
1128 1714 1418 1768 ἐκβεβλημένος.

285 1817 332 1855 In
353 1816 419 1854 illo
437 1828 530 1854 vero
549 1812 752 1851 Pausaniae
774 1812 863 1850 loco
881 1817 972 1863 post
989 1813 1130 1864 χωρίου
1154 1811 1296 1851 inserui
1321 1818 1443 1860 τοῦτο,
1463 1815 1569 1866 quod
1590 1821 1631 1855 et
1657 1830 1743 1857 sen-

284 1879 408 1924 tentia
439 1875 617 1928 requirit,
647 1888 735 1914 cum
762 1874 854 1912 huic
885 1874 973 1912 loco
999 1887 1142 1913 nomen
1170 1874 1288 1913 fuisse
1305 1875 1457 1928 Ἑρμῶν
1482 1886 1670 1930 appareat
1688 1894 1745 1929 *ex

283 1941 396 1979 initio
417 1939 524 1978 Libri
544 1936 743 1988 sequentis
765 1949 831 1974 seu
851 1936 1149 1982 Laconicmum,
1170 1939 1264 1989 μετὰ
1282 1936 1320 1975 δὲ
1334 1939 1419 1981 τοὺς
1435 1939 1580 1990 Ἑρμᾶς
1598 1942 1702 1980 ἐστὶν
1720 1945 1744 1989 ἡ

284 2003 486 2048 Λακωνικὴ
507 2004 553 2039 τὰ
580 2000 672 2051 πρὸς
703 1999 881 2050 ἑσπέραςὲ
908 2005 950 2037 et
967 1998 1081 2038 facile
1101 1999 1234 2050 potuit
1253 1999 1435 2039 excidere
1459 2008 1620 2053 propter
1637 2004 1742 2043 simi·-

282 2065 486 2105 litudinem
509 2064 703 2102 literarum
723 2069 762 2100 et
782 2061 1090 2113 praecedentium
1107 2068 1146 2099 et
1161 2062 1422 2113 sequentium.

339 2126 528 2165 Solebant
547 2138 707 2175 quoque
735 2128 1011 2174 praetereuntes
1028 2123 1192 2161 viatores
1214 2122 1349 2161 statuis
1368 2124 1667 2166 Mercurialibus
1686 2128 1741 2168 la-

282 2190 414 2241 pidem
435 2187 572 2238 singuli
590 2185 776 2236 adjicere,
797 2185 858 2223 vel
876 2185 992 2223 etiam
1018 2184 1194 2236 lapidum
1214 2186 1375 2233 acervis,
1395 2198 1496 2236 quos
1512 2187 1576 2225 alii
1594 2188 1660 2226 illa
1680 2190 1741 2229 via

283 2252 358 2290 iter
377 2249 562 2288 facientes
576 2248 931 2291 accumulaverant3
963 2247 1097 2297 quales
1122 2247 1250 2285 acervi
1266 2247 1436 2298 Ἑρμαῖοι
1454 2249 1562 2300 λόφοι
1581 2251 1641 2288 vel
1657 2251 1741 2303 Ἑρ-

282 2319 379 2364 μαῖα
397 2311 641 2350 dicebantur.
685 2309 775 2348 Vid.
796 2309 990 2347 Cornutus
1011 2308 1051 2347 d.
1071 2308 1096 2347 l.
1119 2322 1158 2359 p.
1178 2312 1269 2347 168.
1290 2322 1387 2359 seq„
1408 2310 1582 2361 Hesych.
1600 2324 1636 2349 v.
1653 2313 1741 2365 ‘Ep-

284 2380 397 2427 μαῖος
412 2374 542 2426 λόφος,
562 2373 689 2424 Etym.
710 2371 768 2409 M.
788 2384 823 2409 v.
840 2371 1026 2422 Ἑρμαῖον
1043 2370 1126 2420 (qui
1142 2371 1253 2409 locus
1274 2371 1496 2422 diligentius
1511 2385 1741 2424 comparan-

284 2437 360 2476 dus
381 2442 439 2474 est
459 2448 546 2473 cum
570 2433 702 2472 Schol.
733 2433 897 2471 Homeri
916 2433 964 2470 ad
985 2431 1104 2470 finem
1123 2432 1203 2471 Od.
1225 2432 1309 2482 IL),
1339 2439 1378 2471 et
1404 2434 1569 2485 Gyrald.
1598 2435 1624 2473 l.
1643 2448 1679 2474 c.
1700 2450 1740 2488 p.

285 2501 380 2539 298.
402 2497 444 2534 F.
494 2496 597 2533 Hinc
624 2508 712 2533 cum
740 2494 845 2545 apud
881 2494 1048 2532 Diouem
1078 2494 1283 2546 Cbrysost.
1313 2508 1352 2545 p.
1373 2498 1465 2533 655.
1486 2509 1521 2535 c.
1550 2496 1743 2547 legeretur

285 2562 433 2612 ἕρματα
451 2556 586 2604 λίθων,
607 2556 758 2608 egregie
778 2556 832 2594 ibi
849 2557 1015 2609 Ἑρμαῑα
1031 2557 1200 2595 correxit
1220 2556 1344 2595 Isaac.
1364 2556 1533 2597 Casaub.
1555 2557 1680 2597 Diatr.
1702 2559 1741 2597 in

288 2622 408 2660 Dion.
438 2633 474 2658 c.
496 2623 561 2657 66.
590 2631 680 2669 quae
700 2624 794 2657 nota
816 2618 971 2656 omnino
1000 2623 1059 2656 est
1092 2617 1342 2656 conferenda.
1399 2618 1503 2662 Quin
1523 2626 1563 2658 et
1587 2620 1625 2658 in
1643 2621 1741 2660 locis

284 2683 407 2723 deviis
428 2682 584 2719 Hermae
617 2679 879 2731 ponebantur,
899 2679 1007 2730 quod
1034 2679 1090 2718 ibi
1117 2679 1280 2718 maxime
1306 2680 1525 2720 Mercurius
1554 2682 1741 2722 colendus

286 2744 518 2783 videbatur:
548 2742 626 2780 vid.
664 2742 826 2780 Cornut.
854 2741 892 2780 d.
921 2742 946 2779 l.
968 2754 1104 2792 nempe
1124 2741 1230 2793 quod
1259 2741 1298 2779 in
1330 2742 1403 2780 illis
1423 2743 1623 2795 praecipue
1642 2744 1742 2784 locis

284 2813 458 2845 errantes
478 2805 563 2856 ejus
582 2803 725 2842 auxilio
745 2803 977 2855 indigerent,
997 2809 1039 2842 ut
1059 2816 1099 2842 se
1118 2803 1156 2841 in
1177 2803 1275 2842 viam
1297 2803 1515 2844 reduceret.

342 2867 565 2918 Antiquiori
591 2872 764 2916 tempore
785 2864 939 2903 Hermae
966 2864 1155 2917 sepulcris
1185 2864 1497 2916 imponebantur,
1517 2867 1742 2919 priusquam

284 2929 325 2967 id
363 2930 468 2980 Lege
504 2928 668 2966 vetitum
700 2927 773 2966 fuit
802 2926 984 2965 Athenis.
1042 2927 1181 2966 Cicero
1213 2927 1262 2965 de
1294 2928 1464 2979 Legibus
1493 2929 1518 2968 l.
1547 2929 1599 2968 ΙΙ.
1620 2943 1654 2968 c.
1674 2933 1740 2968 26.

286 2995 311 3012 “
329 2990 403 3029 Sed
431 2996 520 3040 post
538 2989 750 3040 aliquanto,
771 2993 931 3040 propter
958 2987 1026 3026 has
1047 2988 1323 3039 amplitudines
1342 2990 1625 3040 sepulcrorum,
1645 3002 1742 3042 quas
