1878 3272
456 196 806 242 ORATORUM
841 195 1224 240 GRAECORUM.
1516 196 1576 239 xli

116 310 222 350 ναῖος
239 306 359 357 ῥήτωρ
380 305 458 349 υἱὸς
479 304 516 343 δὲ
540 304 586 351 ἦν
603 302 817 354 Μυλώἓρου
837 305 897 342 καὶ
915 304 1057 354 θρασὺς
1078 302 1233 356 σφόδρα.
1253 303 1382 354 φυγών
1402 317 1440 340 τε
1459 300 1578 347 Ἀθή-

116 366 233 414 νηὲεν
259 368 297 405 ἐκ
324 372 386 406 τοῦ
418 366 666 417 δεσμωτηρίου
698 365 758 404 διαὶ
792 366 956 418 ὄφλημα,
984 367 1036 408 εἷς
1062 365 1305 403 ΙΝῙακ-εδονιάν
1337 361 1470 411 fimo».
1501 362 1582 403 εἶτα

115 428 274 475 ἐπανῆκε
293 429 423 466 πάλιν.
482 427 601 471 Quod
629 427 678 465 de
707 427 793 478 ejus
813 440 892 465 aere
920 426 1046 464 alieno
1075 426 1170 465 dicit
1191 426 1490 472 Demosthenes,
1523 425 1583 463 vel

115 490 291 541 quisquis
310 495 447 528 auctor
462 494 521 527 est
539 488 715 539 epistolae
744 488 793 527 de
814 488 982 539 Lycurgi
1003 487 1149 534 liberis,
1170 489 1388 534 confirmat,
1411 501 1583 534 narrans,

115 551 222 591 illum
242 552 352 589 malis
380 551 528 589 artibus
550 557 680 589 tantas
699 551 774 590 sibi
802 551 955 589 divitias
976 550 1219 601 quaesivisse,
1241 557 1284 588 ut
1304 550 1453 589 facilius
1473 551 1585 601 quin-

115 624 195 664 que
215 613 372 659 talenta,
393 625 510 663 quam
530 618 618 651 ante
638 613 804 651 totidem
831 612 1038 651 drachmas
1059 611 1207 650 solvere
1228 619 1374 662 posset.
1432 612 1584 650 Eodem

113 675 203 713 loco
227 674 392 714 SuidaS:
421 678 486 713 οὒκ
512 674 679 727 §napi-9²1
708 678 803 727 μετ-οἰ
834 681 907 714 τῶν
926 677 1069 713 λοιπῶν
1095 675 1271 725 ῥητόρων,
1291 677 1339 718 ὡς
1360 673 1506 725 θρασὺς
1525 676 1586 711 καὶ

113 735 403 788 διεσπασμένος.
423 736 489 775 ubi
511 737 785 787 corrigendum
802 750 812 776 ζ
843 740 892 780 ὡς
913 737 1054 788 τραχὺς
1069 737 1131 773 καὶ
1150 735 1435 787 ἓιεσπασμένος.
1483 735 1581 774 Nam

112 797 296 836 orationis
318 811 441 848 genus
460 798 759 849 reprehenditur
782 811 981 850 asperum,
1002 798 1158 844 durum,
1177 797 1374 844 diffluens,
1397 797 1583 836 solutum.

113 860 200 899 Nec
222 861 374 907 mirum,
397 860 584 912 Pytheam
605 861 829 900 Atticorum
849 867 1049 899 oratorum
1069 873 1228 898 numero
1247 860 1451 898 exclusum
1480 873 1583 906 esse,

112 921 262 973 quippe
282 922 366 974 qui,
392 928 434 960 ut
460 929 600 961 auctor
623 928 685 961 est
711 922 898 974 Syrianus
931 922 979 960 ad
1003 922 1296 972 Hermogenem
1317 934 1356 972 p.
1379 925 1445 960 16.
1466 920 1585 959 nullis

109 983 310 1023 literarum
330 984 524 1036 praesidiis
547 984 773 1031 instructus,
794 985 845 1022 ad
877 983 1140 1035 eloquentiam
1173 982 1430 1022 exercendam
1450 996 1584 1022 acces-

112 1045 218 1084 serit.
275 1046 497 1084 Couciones
525 1059 636 1097 paene
670 1059 766 1097 puer
793 1045 943 1093 habuit,
977 1052 1016 1084 et
1047 1046 1194 1084 tantula
1226 1052 1343 1084 aetate
1376 1059 1493 1084 ausus
1525 1053 1585 1084 est

111 1107 265 1146 divinos
294 1108 477 1155 honores,
507 1120 607 1158 quos
640 1107 809 1159 populus
838 1108 1064 1146 Alexandro
1095 1109 1345 1155 decrevisset,
1372 1108 1584 1159 reprehen-

111 1168 218 1208 dere.
238 1182 276 1207 v.
297 1169 497 1209 Plutarch.
519 1170 671 1220 politic.
705 1175 896 1220 praecept.
918 1182 958 1220 p.
979 1173 1070 1207 804.
1095 1170 1140 1208 B.
1170 1183 1219 1207 an
1240 1170 1320 1208 seni
1341 1169 1512 1220 gerenda
1534 1170 1585 1209 sit

110 1231 333 1282 respublica
352 1245 392 1283 p.
411 1236 504 1273 ⁹784.
526 1232 573 1270 C.
616 1232 760 1271 Postea
779 1244 950 1269 summos
970 1230 1007 1268 iu
1034 1231 1241 1282 republica
1258 1231 1377 1283 gessit
1397 1231 1579 1278 honores,

104 1299 150 1332 vet
170 1293 298 1344 patria
317 1306 427 1332 sacra
447 1294 613 1346 Delphis
641 1306 714 1345 pro
735 1293 1040 1332 Atheniensibus
1062 1292 1171 1340 fecit,
1191 1299 1293 1332 teste
1311 1293 1578 1332 Demosthene

108 1355 135 1393 l.
155 1368 191 1393 c.
247 1357 285 1394 A
316 1354 518 1394 Dinarcho
548 1362 755 1395 accusatus
790 1361 848 1393 est
879 1358 1017 1403 ξενίας,
1058 1355 1118 1394 vel
1147 1354 1445 1406 peregrinitatis,
1476 1354 1577 1394 forte

107 1424 271 1469 propter
303 1418 527 1457 diuturnam
558 1419 597 1457 in
631 1417 871 1457 Macedonia
906 1430 1065 1464 moram,
1099 1430 1188 1468 quae
1226 1417 1417 1456 Dinarchi
1451 1418 1576 1455 oratio

106 1478 289 1517 laudatur
313 1492 336 1518 a
356 1479 550 1531 Dionysio
585 1479 787 1519 Halicarn.
815 1479 1010 1530 Harpocr.
1046 1485 1085 1517 et
1118 1479 1324 1530 Stephano
1353 1481 1517 1531 Byzant.
1539 1493 1575 1518 v.

104 1542 281 1590 Αἰγίναι,
308 1540 376 1579 ubi
405 1554 442 1580 v.
475 1541 570 1580 Luc.
602 1541 784 1580 Holsten.
852 1541 968 1579 Hanc
998 1540 1290 1579 accusationem
1318 1541 1343 1580 l.
1366 1554 1401 1579 c.
1429 1541 1575 1579 Demo-

103 1601 457 1653 sthenesrespicit.
487 1604 523 1640 Α
540 1602 809 1641 Demosthene
823 1602 994 1653 Pytheas
1011 1608 1095 1641 tota
1112 1603 1190 1641 vita
1204 1602 1400 1649 dissensit,
1417 1608 1470 1647 et,
1486 1616 1576 1641 cum

105 1663 146 1701 in
179 1663 384 1715 republica
414 1663 585 1714 gerenda
619 1663 747 1702 varius
779 1662 932 1709 fuisset,
960 1663 1119 1701 tandem
1149 1669 1280 1713 partes
1311 1663 1575 1701 Macedonum

105 1731 265 1764 secutus
285 1732 368 1769 est;
399 1725 506 1776 quod
533 1738 611 1763 non
641 1725 763 1762 solum
783 1737 831 1762 ex
851 1724 1061 1763 Demosth.
1083 1724 1108 1763 l.
1130 1738 1164 1762 c.
1189 1724 1256 1762 sed
1278 1725 1394 1763 etiam
1416 1739 1463 1764 ex
1482 1725 1576 1763 Plu-

104 1786 246 1825 tarcho
267 1787 381 1824 Dem.
401 1789 432 1834 ς.
454 1787 519 1830 κζ’.
540 1792 580 1824 et
599 1786 775 1824 Luciano
797 1785 913 1823 Dem.
937 1785 1102 1824 Encom.
1123 1790 1156 1834 ξ.
1171 1789 1237 1825 46.
1258 1790 1324 1824 48.
1344 1786 1575 1836 intelligitur
1593 1790 1673 1828 176

107 1847 413 1886 Demosthenem
452 1847 569 1886 etiam
606 1847 784 1898 pecuniae
826 1847 1050 1897 Harpalicae
1092 1847 1251 1885 crimine
1287 1848 1502 1886 accusavit.
1538 1862 1575 1887 v.

106 1908 536 1948 Pseudo-Plutarchum
565 1908 616 1947 de
637 1908 724 1948 vitis
748 1909 801 1947 X.
822 1909 936 1947 Orat.
966 1922 1006 1960 p.
1035 1912 1128 1947 846.
1155 1909 1201 1947 C.
1229 1915 1267 1947 et
1294 1909 1482 1948 Photium
1511 1923 1577 1948 co-

107 1971 194 2009 dice
215 1974 308 2010 265.
330 1983 372 2021 p.
392 1973 512 2012 1475.
570 1970 628 2008 Ex
649 1970 722 2008 hac
738 1969 916 2008 oratione
931 1970 1205 2021 fragmentum,
1221 1971 1326 2022 quod
1349 1971 1412 2009 hic
1433 1973 1473 2022 [a
1494 1972 1575 2009 Ru-

104 2031 206 2081 tilio]
233 2031 410 2082 ponitur,
432 2031 596 2070 ductum
618 2031 785 2070 videtur.
842 2031 958 2070 Plura
987 2032 1037 2069 ab
1063 2044 1110 2070 eo
1137 2037 1251 2070 acute
1279 2039 1319 2070 et
1353 2034 1576 2083 procaciter

105 2092 214 2132 dicta
246 2092 482 2138 referuntur,
515 2093 678 2131 maxime
713 2093 752 2131 in
786 2099 983 2132 oratorum
1018 2095 1251 2145 principem.
1317 2096 1434 2133 Hunc
1467 2096 1572 2146 apud

107 2154 274 2206 Dionys.
294 2154 423 2194 Halic.
445 2157 487 2193 in
504 2154 606 2193 Isaeo
626 2159 658 2203 ξ.
681 2153 722 2194 δ’.
743 2155 831 2193 Isaei
852 2156 1000 2204 artibus
1020 2162 1174 2207 pastum
1195 2170 1279 2195 esse
1303 2157 1413 2197 dicit.
1471 2158 1574 2197 Huic

105 2216 210 2266 apud
231 2215 432 2254 Plutarch.
453 2217 492 2254 in
513 2217 627 2255 Dem.
647 2221 678 2265 ξ.
699 2218 740 2254 κ’.
762 2224 801 2256 et
820 2217 1004 2257 Tzetzen.
1033 2218 1192 2256 scholiis
1219 2220 1326 2257 mstis
1346 2219 1383 2257 in
1406 2221 1573 2258 Hermo-

105 2288 260 2327 genem,
278 2288 366 2326 quae
382 2282 473 2315 sunt
491 2277 531 2314 in
548 2276 791 2316 bibliotheca
806 2278 998 2326 Leidensi,
1018 2280 1232 2330 exprobrat
1249 2281 1378 2332 fugam
1397 2295 1416 2320 e
1434 2283 1573 2333 praelio

104 2338 152 2377 ad
169 2338 438 2379 Chaeroneam.
479 2339 595 2378 Hunc
612 2346 776 2390 propter
791 2353 904 2392 aquae
923 2343 1126 2392 potionem
1141 2350 1180 2382 et
1198 2351 1406 2383 nocturnas
1422 2346 1572 2396 vigilias

103 2399 207 2439 ridet
225 2400 332 2451 apud
351 2400 583 2439 Athenaeum
604 2414 643 2451 p.
656 2405 721 2441 44.
736 2402 776 2440 F.
817 2403 947 2452 Hujus
965 2405 1163 2442 orationes
1182 2407 1217 2444 ei
1237 2406 1421 2445 videntur
1440 2407 1569 2446 lucer-

103 2475 196 2508 nam
222 2461 326 2500 olere
353 2462 458 2513 apud
488 2463 635 2502 AElian.
656 2463 705 2501 V.
726 2464 778 2503 H.
801 2465 895 2502 VII.
924 2469 962 2505 7.
992 2465 1059 2503 ubi
1086 2480 1121 2504 v.
1150 2466 1398 2519 interpretes.
1456 2470 1572 2508 Hunc

106 2523 290 2574 denique,
309 2529 354 2562 ut
380 2523 506 2562 Duris
532 2530 698 2563 testatur
723 2525 829 2576 apud
859 2526 1018 2564 Suidam
1042 2541 1078 2566 v.
1099 2526 1128 2580 ᾧ
1148 2531 1193 2567 τὰ
1214 2530 1290 2581 ἱερὰ
1310 2547 1350 2568 π.
1374 2530 1573 2569 infamavit

106 2589 289 2636 tauquam
310 2585 444 2635 talem,
466 2586 530 2624 cui
558 2599 636 2625 non
661 2586 814 2625 licuerit
834 2600 986 2626 sacrum
1008 2589 1137 2640 ignem
1159 2591 1327 2631 sufflare.
1349 2593 1455 2642 quod
1477 2593 1570 2630 alios

107 2645 158 2683 de
175 2646 423 2685 Demochare
443 2646 605 2695 dixisse,
625 2661 742 2699 supra
768 2648 1134 2690 demonstravimus.
1193 2652 1419 2703 Improbum
1443 2666 1481 2690 se
1502 2653 1570 2691 de-

106 2719 313 2758 magogum
334 2707 467 2756 fuisse,
487 2722 534 2747 ne
553 2709 636 2761 ipse
659 2709 816 2761 quidem
838 2712 1009 2761 negavit,
1027 2713 1234 2765 sed‚quasi
1256 2714 1331 2752 hoc
1353 2714 1402 2752 ad
1423 2715 1569 2753 crime‘n

103 2767 360 2808 minuendum
379 2772 541 2818 valeret,
561 2784 615 2818 se,
636 2771 667 2809 si
687 2784 776 2810 cum
805 2773 959 2811 caeteris
986 2774 1211 2826 demagogis
1233 2783 1482 2826 comparetur
1501 2778 1569 2815 mi-

106 2829 252 2869 nimum
269 2836 424 2882 tempus
443 2831 660 2883 improbum
682 2832 815 2872 fuisse.
837 2847 874 2872 v.
899 2834 1044 2874 AElian.
1065 2836 1114 2874 V.
1138 2837 1188 2875 H.
1211 2837 1322 2874 XIV.
1344 2840 1409 2875 28.
1458 2838 1570 2877 Duas

105 2909 181 2938 mica
199 2914 286 2949 atque
297 2907 437 2948 pestifera
451 2915 534 2947 sunt,
556 2919 590 2940 ea
609 2910 672 2941 deos
677 2910 815 2952 flagitet.
849 2911 1047 2942 acrimoniam
1062 2921 1091 2943 et
1108 2913 1229 2952 igneam
1247 2913 1476 2945 contentionem
1493 2915 1564 2946 huic

105 2951 178 2981 Non
192 2950 237 2981 ita
252 2952 359 2989 stabit,
371 2952 451 2982 ἀλλὰ
461 2953 521 2987 τοῖς
537 2951 646 2995 ἐχθςοῖς
663 2954 816 2994 ὑπηρετῶν.
850 2955 919 2985 loco
935 2955 1050 2992 inesse,
1067 2966 1156 2987 nemo
1174 2956 1262 2986 facile
1278 2962 1337 2994 est,
1351 2957 1401 2997 qui
1421 2968 1478 2988 non
1497 2970 1564 2989 sen-

108 2992 326 3035 Sedfamulans
342 2994 478 3026 hostibus.
526 2995 690 3027 Mirificam
709 2997 768 3027 vim
787 3002 817 3027 et
852 2997 920 3028 tiat.
947 2999 1065 3029 Rssxsx.

824 3060 856 3098 g
