1878 3272
340 218 422 260 DE
454 218 844 260 ANTIPHONTE
877 219 1049 261 ORAT.
1081 219 1313 262 ATTICO.
1500 223 1544 264 ll

101 322 305 362 Libanium
322 325 427 374 Opp.
448 325 494 362 T.
515 325 618 374 11.p.
640 328 731 362 480.
761 324 1054 374 Elegantissime
1071 325 1120 362 de
1133 324 1378 375 Antiphonte
1393 331 1547 362 senteu-

101 385 191 423 tiam
224 385 404 424 dixerunt
437 386 844 425 Pseudo-Plutarchus
879 392 918 424 et
945 387 1124 435 photius,
1159 388 1237 425 sive
1265 388 1410 434 potius,
1433 400 1548 437 quem

100 447 155 485 illi
176 448 224 486 ad
249 448 406 486 verbum
438 448 689 498 descripsisse
709 448 903 499 videntur,
925 448 1107 486 Caecilius
1128 449 1166 486 in
1189 449 1480 487 Commentario
1500 448 1549 487 de

100 509 368 559 Antiphonte:
398 507 477 546 ἔστι
503 508 542 545 δὲ
571 509 611 546 ἐν
641 514 718 551 τοῖς
741 511 875 558 λόγοις
895 508 1055 558 ἀκριβὴς
1076 512 1135 546 καὶ
1154 509 1329 556 πιθανὸς,
1351 512 1410 548 καὶ
1429 510 1549 553 δεινὸς

99 571 181 621 περὶ
199 573 266 616 τὴν
285 571 438 620 εὕρεσιν,
458 572 517 607 καὶ
531 571 570 607 ἐν
585 576 661 613 τοῖς
680 573 831 621 ἀπόροις
845 570 1027 622 τεχνικὸς,
1050 572 1107 608 καὶ
1126 572 1323 623 ἐπιχειρῶν
1341 573 1378 619 ἐξ
1394 573 1547 618 ἀδήλου,

101 634 160 670 καὶ
183 632 241 669 ἐπὶ
271 631 355 674 τούς
384 633 520 681 νόμους
546 633 605 669 καὶ
624 635 669 670 τὰ
689 632 791 678 πάθη
813 636 956 682 τρέπων
974 631 1059 675 τοῦς
1085 634 1240 681 λόγους,
1262 639 1323 671 τοῦ
1343 637 1547 686 εὖπρεποῦς

98 694 262 744 μάλιστα
285 695 569 746 στοχαζόμενος.
626 693 743 737 Quod
757 693 952 742 judicium
974 694 1068 744 quin
1090 708 1218 732 verum
1241 695 1301 741 sit,
1321 701 1358 733 et
1379 697 1432 734 rei
1453 709 1547 734 con-

96 761 337 800 sentaneum,
376 768 501 801 nemo,
534 755 602 805 qni
636 755 861 806 superstites
894 756 1100 793 Orationes
1134 756 1284 806 legerit,
1333 757 1547 797 dubitabit.

100 815 223 866 Prope
254 816 371 866 igitur
402 816 592 861 adducor,
620 823 662 854 ut
693 817 862 863 credam,
895 818 962 855 has
995 817 1189 856 orationes
1221 831 1420 869 nunquam
1447 821 1547 857 serio

97 877 217 916 lectas
249 891 332 916 esse
365 892 384 915 a
415 879 642 916 doctissimo
663 886 702 917 et
724 886 853 918 cetera
873 881 1162 919 accuratissimo
1182 881 1276 927 viro,
1311 883 1367 919 Io.
1397 883 1546 928 Ionsio,

97 940 164 991 qui
185 940 234 979 de
256 941 396 991 Script.
411 942 511 980 Hist.
527 943 676 980 Philos.
694 956 731 993 p.
750 947 840 982 325.
860 957 995 995 magna
1011 944 1248 982 confidentia
1269 945 1420 992 scribit,
1436 946 1546 983 Anti-

94 1002 264 1052 phontis,
298 1016 386 1054 quae
419 1012 637 1055 supersunt,
672 1005 865 1043 orationes
896 1007 1147 1045 scholasticas
1178 1021 1262 1045 esse
1295 1014 1411 1058 atque
1433 1008 1545 1046 fictas

95 1063 408 1110 declamationes,
444 1071 482 1102 et
516 1067 768 1116 Antiphontis
803 1067 852 1104 nil
886 1073 1029 1117 praeter
1069 1081 1207 1106 nomen
1249 1069 1401 1109 habere.
1466 1071 1544 1108 Sed

94 1125 203 1163 hicce
223 1139 331 1164 error
347 1127 586 1165 commodius
607 1141 629 1165 a
650 1127 762 1165 nobis
784 1128 921 1178 Capite
936 1129 1008 1167 111.
1031 1128 1316 1179 profligabitur.

544 1222 725 1260 CAPUT
755 1222 1074 1261 SECUNDUM.

91 1299 175 1337 Jam
197 1299 446 1350 Antiphontis
467 1306 595 1346 aetate,
625 1307 667 1338 ut
692 1302 858 1351 quisque
882 1301 1046 1338 Athenis
1068 1301 1346 1341 disertissimus
1366 1309 1462 1349 erat,
1490 1304 1544 1341 ita

91 1361 141 1398 ad
174 1361 338 1399 honores
364 1368 404 1400 et
436 1375 594 1400 munera
625 1362 854 1413 reipublicae
887 1363 1089 1401 tractanda
1111 1365 1271 1403 maxime
1291 1366 1542 1404 evehebatur.

91 1422 293 1473 Antiphon
327 1423 458 1473 igitur,
490 1424 671 1462 omnibus
708 1424 944 1475 eloquentiae
978 1425 1169 1474 praesidiis
1202 1426 1428 1473 instructus,
1463 1442 1540 1466 nou

89 1484 242 1533 putavit
262 1483 334 1521 sibi
365 1484 470 1521 domi
500 1485 769 1532 desidendum,
801 1485 867 1523 sed
895 1486 1063 1523 animum
1085 1500 1168 1524 esse
1189 1487 1237 1524 ad
1260 1489 1540 1538 rempublicam

69 1545 375 1595 ·appellendtlm.
415 1546 669 1585 Plutarchus:
702 1547 861 1598 δύναμιν
880 1550 1008 1596 λόγων
1038 1553 1283 1597 κτησάμενος,
1311 1555 1455 1602 ὥρμησε
1473 1552 1542 1603 μὲν

89 1606 364 1644 πολιτεύεσθαι.
422 1607 556 1657 Magni
576 1608 659 1657 ejus
679 1622 798 1658 opera
826 1609 1127 1646 Atheniensibus
1147 1610 1220 1648 fuit
1241 1613 1279 1649 in
1298 1612 1409 1650 Bello
1430 1613 1541 1651 Pelo-

88 1668 337 1718 ponnesiaco.
395 1668 493 1706 Nam
525 1676 564 1707 et
591 1670 743 1707 duabus
775 1671 993 1709 triremibus
1027 1671 1251 1721 praefectus,
1279 1680 1317 1710 et
1347 1675 1539 1713 exercitus

90 1729 240 1767 Praetor
260 1743 362 1779 saepe
389 1743 474 1767 cum
499 1732 608 1768 hoste
629 1731 816 1777 conflixit,
853 1733 1003 1781 aliquot
1030 1734 1237 1782 praeclaras
1271 1735 1453 1774 victorias
1479 1750 1538 1774 re-

88 1793 270 1841 portavit,
296 1797 333 1829 et
363 1793 666 1831 Atheniensibus
700 1794 789 1831 belli
823 1795 949 1831 socios
970 1795 1160 1843 adjunxit.
1191 1797 1449 1836 Plutarchus:
1480 1799 1538 1838 ὁτὲ

85 1853 154 1905 μὲν
174 1853 254 1891 δυσὶ
273 1862 506 1906 τριηραρχῶν
527 1857 672 1901 ναυσὶν,
692 1855 751 1893 ὁτὲ
784 1855 820 1893 δὲ
854 1864 1090 1907 στρατηγῶν,
1122 1861 1180 1895 καὶ
1212 1862 1377 1902 πολλαῖς
1395 1861 1539 1912 μάχαις

86 1922 208 1961 νικῶν,
241 1917 301 1953 καὶ
326 1920 545 1972 συμμαχίας
571 1918 746 1967 μεγάλας
779 1920 906 1960 αὐτοῖς
926 1921 1221 1970 προσαγόμενος.
1256 1921 1477 1960 Philostrat.
1498 1935 1538 1973 p.

85 1981 177 2015 498.
206 1978 459 2028 ἐστρατήγησε
491 1981 661 2026 πλεῖστα,
694 1980 837 2025 ἐνίκησε
868 1983 1040 2018 πλεῖστα.
1102 1981 1242 2019 Verum
1277 1983 1398 2020 multo
1426 1983 1537 2021 lucu-

84 2039 222 2077 lentius
255 2039 484 2078 beneficium
512 2041 675 2078 contulit
705 2042 742 2078 in
764 2041 942 2090 patriam,
970 2055 1113 2091 augens
1135 2055 1213 2080 rem
1234 2045 1410 2082 navalem
1428 2058 1535 2083 sexa·

84 2101 191 2152 ginta
206 2102 437 2148 triremibus,
455 2116 544 2153 quae
564 2103 651 2140 viris
671 2104 865 2153 armisque
886 2104 1084 2142 instructae
1106 2112 1247 2144 essent.
1278 2106 1536 2146 Philostratus

82 2163 108 2201 l.
124 2176 159 2201 c.
178 2162 347 2209 ἑξήκοντα
365 2166 522 2216 τριήρεσι
541 2168 846 2214 πεπληρωμέναις
866 2167 1018 2212 ηὔξησεν
1042 2166 1268 2212 Ἀθηναίοις
1289 2168 1329 2206 τὸ
1352 2172 1536 2209 ναυτικόν.

84 2224 338 2263 Plutarchus:
372 2227 432 2261 καὶ
456 2224 541 2268 τοὺς
572 2226 809 2276 ἀκμάζοντας
829 2227 1004 2272 ὁπλίζων,
1026 2228 1085 2264 καὶ
1112 2230 1268 2279 τριήρεις
1291 2232 1444 2280 πληρῶν
1462 2231 1537 2276 ἑξή-

83 2301 210 2325 κοντα.
266 2285 366 2330 Quae
388 2286 418 2323 si
439 2299 528 2324 vera
553 2287 640 2332 sint,
670 2288 783 2337 regiae
810 2294 928 2338 atque
951 2288 1147 2326 immensae
1169 2289 1313 2328 homini
1333 2304 1428 2341 opes
1448 2292 1532 2330 fue-

84 2348 158 2387 rint
191 2361 350 2386 necesse
383 2354 453 2393 est,
488 2361 585 2398 quas
616 2348 750 2399 quavis
781 2349 912 2399 potius
946 2349 1094 2388 ratione
1127 2353 1375 2402 compararit,
1415 2367 1531 2404 quam

83 2410 324 2448 orationibus
354 2409 514 2448 aliorum
546 2410 697 2448 nomine
719 2410 950 2449 scribendis.
1010 2411 1143 2450 Videri
1163 2413 1288 2463 possit
1309 2414 1531 2467 Xenophon

83 2471 238 2510 Hellen.
258 2472 312 2510 ΙΙ.
332 2484 373 2521 p.
395 2475 487 2512 467.
519 2471 626 2522 quod
657 2471 773 2510 modo
799 2486 846 2510 ex
871 2470 1079 2512 Plutarcho
1106 2480 1145 2512 et
1172 2474 1406 2515 Philostrato
1427 2485 1532 2517 retu-

79 2533 209 2579 limus,
229 2532 267 2572 in
286 2532 567 2571 dubitationem
596 2532 805 2571 adducere.
862 2533 962 2572 Nam
995 2534 1090 2572 duas
1117 2541 1263 2574 tantum
1291 2537 1462 2575 triremes
1482 2539 1531 2577 ab

84 2593 323 2644 Antiphonte
356 2593 623 2644 suppeditatas
652 2593 762 2631 dicit.
835 2594 907 2632 Sed
948 2595 1204 2647 Xenophonti
1238 2596 1288 2634 de
1322 2598 1398 2636 alio
1417 2600 1530 2637 Anti-

68 2653 241 2704 phonte,
257 2654 379 2692 minus
397 2660 557 2704 potente
578 2661 616 2692 et
637 2655 790 2701 illustri,
808 2668 1019 2694 sermonem
1038 2670 1137 2702 esse,
1152 2657 1251 2696 infra
1269 2659 1531 2698 ostendemus.

84 2714 198 2752 Forte
214 2716 328 2753 etiam
347 2715 547 2766 Antiphon
573 2715 708 2766 patriae
729 2729 810 2753 suae
831 2717 990 2755 Archon
1014 2717 1097 2764 fuit,
1119 2732 1342 2769 annumque
1370 2734 1439 2758 suo
1461 2733 1530 2758 no-

83 2777 183 2814 mine
205 2777 380 2827 signavit.
438 2777 553 2815 Certe
591 2778 787 2815 Diodorus
817 2779 937 2818 Sicul.
971 2779 1064 2818 XII.
1088 2793 1126 2830 p.
1147 2785 1237 2819 5:34.
1256 2783 1423 2833 ἄρχοντα
1437 2783 1528 2823 ἐπώ-

82 2853 198 2888 νυμον
235 2838 392 2890 Olymp.
426 2839 511 2876 XC.
552 2844 589 2877 3.
619 2840 730 2889 ponit
769 2840 1062 2890 Antiphontem,
1095 2855 1209 2891 quem
1249 2842 1526 2883 Rhamnusium

79 2898 211 2944 fuisse,
232 2906 270 2937 et
291 2906 398 2944 aetas.
420 2907 459 2938 et
479 2900 540 2939 alii
560 2900 709 2944 summi.
730 2914 828 2951 quos
848 2902 977 2951 gessit,
1005 2901 1167 2939 honores
1202 2903 1406 2952 probabile
1440 2906 1526 2944 red·

81 2959 189 2999 duur
