1878 3272
315 196 398 240 DE
429 197 821 240 ANTlPHONTE
856 196 1032 238 ORAT.
1062 195 1295 238 ATTICO.
1509 196 1533 234 7

130 308 222 361 Περὶ
250 309 422 361 ἑκατέρου
452 306 625 355 διελθεῖν]
654 306 741 344 Ε’ἰτε
769 306 832 343 δύο
859 307 949 343 εἰσὶν
977 307 1239 357 Ἀντιφῶντες,
1272 305 1334 340 καὶ
1357 305 1492 340 τούτων
1515 303 1535 339 ὁ

79 372 204 421 ἔτερος
223 371 294 422 μὲν
319 369 402 413 τοῦς
422 369 604 422 φονικοὺς,
626 369 754 418 ἅτερος
773 366 809 405 δὲ
832 367 916 409 τοὺς
932 369 1210 416 περὶάληθειάς
1228 366 1385 416 ἔγραψε,
1407 370 1536 403 τοσοῦ-

81 449 147 471 τον
177 434 355 478 ἀλλήλων
383 435 430 482 τῷ
459 430 543 468 εἴδει
573 429 816 475 διεστηκότας,
842 429 912 466 ε’ίτε
932 426 986 471 εἷς
1006 429 1107 467 ἐστὶν
1126 430 1326 481 Ἀντιφῶν,
1349 426 1536 479 διαφόροις

82 494 192 533 ειὸεσι
220 496 346 542 λόγων
372 492 619 543 χρησάμενος,
648 507 720 542 χρη
749 491 831 539 περὶ
859 494 930 527 τῶν
962 489 1141 541 ἑκατέρων
1170 494 1244 528 τῶν
1273 488 1441 537 βιβλίων
1458 491 1536 526 τῶν

80 560 325 606 χαρακτήρων
345 552 559 601 διαλαβεῖν.
591 553 648 589 Io.
680 552 885 590 Siceliota.

131 618 216 656 Jam
249 616 462 661 videamus,
492 614 586 665 quid
614 614 707 652 boni
735 614 872 651 afferat
903 613 1181 664 Hermogenes.
1239 612 1409 651 Primum
1428 618 1535 650 recte

82 679 277 724 observat,
293 677 392 715 duos
412 677 529 715 fuisse
542 676 820 727 Antiphontes‚
837 675 1070 726 eloquentiae
1086 675 1200 713 laude
1220 674 1359 720 claros,
1372 675 1535 712 alterum

82 740 378 785 Rhamnusium,
397 753 419 777 a
440 752 520 790 quo
539 737 707 789 profecti
727 738 804 776 sint
824 740 933 786 λόγοι
953 739 1105 790 φονικοὶ,
1128 739 1187 774 καὶ
1209 736 1456 787 δημηγορικοὶ,
1477 737 1538 773 καὶ

81 803 101 840 ὁ
121 803 320 845 πολιτικός.
345 802 442 839 alter
460 801 732 852 prodigiorum
748 807 787 838 et
803 800 1040 837 somniorum
1057 799 1263 849 interpres,
1284 798 1351 849 qui
1372 799 1536 848 scripse-

81 864 133 903 rit
151 865 291 913 λόγους
310 866 395 916 περὶ
414 866 602 911 ἀληθείας,
632 870 672 901 et
700 865 780 914 περὶ
806 864 995 915 ὁμονοίας.
1052 862 1262 914 Sequimur
1282 861 1382 899 enlm
1404 862 1443 898 in
1463 861 1538 899 hoc

81 926 171 964 loco
190 926 407 964 enarrando
436 926 688 964 certissimam
718 924 1027 963 emendationem
1058 924 1220 974 Taylori
1251 924 1361 961 Lect.
1383 923 1474 973 Lys.
1501 935 1537 960 c.

82 987 176 1025 VII.
198 1001 276 1039 qua
295 989 432 1037 λόγους
453 987 718 1039 δημηγορικοὺς
741 993 780 1025 et
804 989 924 1035 λόγον
943 985 1133 1024 πολιτικὸν
1155 984 1391 1036 Antiphonti
1417 983 1538 1022 Ὀνει-

80 1050 226 1105 ροκρίτῃ
259 1049 401 1097 aufert,
437 1049 646 1099 redditque
685 1062 777 1086 vero
814 1048 978 1095 auctori,
1013 1047 1250 1097 Antiphonti
1284 1046 1536 1084 Rhamnusio.

83 1110 192 1154 Quid
215 1110 363 1148 deinde
393 1110 524 1149 dicere
557 1111 649 1148 velit
681 1110 961 1159 Hermogenes,
995 1109 1149 1147 facilius
1182 1108 1388 1153 divinatur,
1422 1121 1538 1159 quam

83 1172 188 1210 clare
207 1172 447 1222 intelligitur.
505 1171 621 1209 Adeo
642 1171 753 1209 locus
784 1171 974 1208 obscurus
1006 1177 1080 1216 est,
1109 1177 1149 1208 et
1173 1170 1417 1207 librariorum
1437 1170 1539 1207 forte

82 1234 200 1285 culpa
217 1233 468 1284 depravatus.
525 1233 640 1271 Mens
657 1232 755 1282 ejus,
775 1233 816 1270 ni
836 1233 1016 1281 fallimur,
1037 1232 1122 1269 haec
1143 1237 1224 1269 est:
1257 1232 1356 1269 scire
1376 1245 1429 1277 se,
1448 1232 1541 1269 Pla-

81 1302 228 1342 tonem,
265 1296 442 1345 aliosque
476 1295 606 1346 plures
645 1295 862 1346 scripsisse,
888 1293 1172 1345 'Thucydidem
1210 1293 1260 1330 ab
1292 1293 1539 1344 Antiphonte

82 1357 323 1395 Rhamnusio
343 1370 427 1395 esse
448 1356 655 1404 eruditum,
675 1356 743 1395 sed
764 1357 930 1394 eundem
953 1370 993 1393 se
1023 1356 1136 1400 scire,
1159 1355 1460 1406 Thucydidenm
1480 1355 1541 1392 di-

81 1418 198 1457 cendi
227 1432 349 1468 genus
383 1420 432 1457 ab
461 1433 624 1469 eo,‹quo
654 1433 746 1458 usus
778 1419 827 1457 sit
848 1418 1052 1469 Antiphon
1074 1417 1352 1463 Rhamnusius,
1383 1431 1542 1469 prorsus

82 1481 318 1531 discrepare,
340 1488 379 1520 et
398 1482 558 1532 propius
588 1481 778 1520 accedere
809 1481 858 1519 ad
887 1481 1001 1532 illud,
1031 1494 1110 1532 quo
1145 1481 1300 1531 scriptae
1332 1481 1407 1519 sint
1428 1481 1541 1519 Anti-

81 1543 255 1594 phontis,
273 1545 511 1582 somniorum
531 1543 767 1594 interpretis,
790 1543 986 1581 orationes
1003 1545 1087 1595 περὶ
1103 1541 1303 1590 ἀληθείας,
1324 1556 1401 1581 non
1422 1543 1541 1594 igitur

81 1605 249 1644 alienum
270 1606 392 1643 videri
411 1605 583 1652 credere,
603 1605 880 1656 Thucydidem
898 1605 1156 1656 Antiphontis
1175 1604 1444 1655 Ὀνειροκρίτου
1463 1605 1543 1643 dis-

85 1667 232 1718 ciplina
264 1667 381 1705 fuisse
413 1667 643 1705 institutum.
700 1666 766 1704 Sic
792 1673 897 1704 certe
920 1668 1209 1716 Hermogenem
1230 1673 1396 1717 uterque
1417 1667 1540 1705 Scho-

81 1727 214 1767 liastes
233 1728 434 1766 intellexit.
491 1727 667 1766 Tandem
689 1728 727 1765 in
755 1727 886 1765 medio
914 1729 1112 1782 relinquit,
1140 1734 1267 1765 utrum
1299 1741 1397 1766 unus
1425 1728 1542 1767 fuerit

84 1790 300 1841 Antiphon,
321 1790 404 1829 aliis
425 1791 463 1828 in
485 1789 595 1828 libris
617 1789 722 1827 aliud
744 1789 901 1827 dicendi
922 1803 1043 1840 genus
1065 1796 1235 1834 secutus,
1258 1802 1306 1826 an
1328 1790 1421 1836 (luo,
1442 1804 1540 1840 quo-

82 1863 166 1889 rum
186 1851 284 1889 alter
308 1854 449 1900 λόγους
480 1850 663 1903 φονικοὺς,
691 1851 792 1889 alter
821 1852 959 1900 λόγους
987 1854 1067 1903 περὶ
1099 1849 1284 1897 α’λη-ἓείας
1315 1853 1542 1903 scripserit?

83 1912 149 1950 Sic
169 1912 233 1950 ille
249 1919 403 1960 aestuat‚
423 1919 474 1958 et,
496 1912 591 1964 quid
611 1912 707 1950 certi
729 1918 889 1958 statuat,
908 1926 985 1951 non
1002 1913 1134 1957 habet,
1152 1912 1280 1958 facile,
1299 1913 1391 1963 quid
1411 1927 1541 1952 verum

83 1981 200 2022 esset,
221 1981 456 2025 reperturuS,
471 1975 503 2012 si
523 1981 695 2012 veterum
715 1975 967 2022 monimenta,
981 1989 1069 2025 quae
1087 1982 1168 2013 tum
1189 1982 1432 2026 supererant,
1447 1989 1542 2014 con-

83 2036 222 2082 sulere,
244 2049 362 2086 quam
382 2036 620 2086 conjecturis
640 2036 853 2087 indulgere,
876 2037 1084 2075 maluisset.
1140 2038 1247 2076 Nihil
1269 2045 1397 2076 autem
1417 2038 1541 2077 levius

83 2105 144 2136 est
175 2098 431 2148 Hermogenis
462 2098 714 2148 conjecturis.
772 2099 874 2136 Nam
906 2099 937 2137 si
969 2113 1099 2137 verum
1133 2106 1205 2147 est,
1238 2100 1345 2150 quod
1377 2101 1541 2138 Tzetzes

85 2158 218 2206 tradit,
239 2160 536 2210 Antiphontem,
557 2159 794 2198 somniorum
821 2160 1089 2211 interpretem,
1119 2161 1334 2198 Alexandri
1364 2167 1537 2210 tempore
1581 2153 1584 2157 ”

85 2220 240 2266 vixisse,
263 2221 330 2270 qni
346 2221 590 2272 Thucydidis
613 2221 794 2270 magister
813 2235 897 2259 esse
916 2222 1073 2272 potuit?
1128 2222 1204 2259 Sed
1222 2221 1270 2259 de
1291 2222 1408 2272 hujus
1428 2222 1542 2260 Anti-

84 2282 246 2334 phontis
266 2289 381 2321 aetate
399 2281 499 2320 infra
514 2282 790 2333 disputabitur.
832 2283 1026 2321 Praeterea
1046 2282 1333 2321 fallacissimum
1350 2290 1409 2321 est
1428 2297 1542 2334 argu-

86 2351 271 2389 mentum,
293 2344 399 2394 quod
423 2345 692 2395 Hermogenes
720 2345 830 2382 ducit
857 2358 879 2382 a
910 2345 987 2383 stili
1016 2344 1293 2396 discrepantia.
1350 2346 1543 2384 Isocrates

84 2408 384 2459 Theopompum
405 2408 453 2446 ad
472 2409 736 2458 eloquentiam
758 2408 952 2454 formavit,
974 2408 1279 2446 Demosthenem
1301 2408 1438 2446 Isaeus.
1486 2411 1543 2447 At

86 2470 173 2521 quis
192 2471 490 2522 Theopompum
510 2471 685 2509 oratione
706 2471 870 2509 similem
891 2471 998 2509 dicat
1020 2471 1200 2517 Isocrati,
1219 2477 1285 2508 aut
1306 2470 1542 2510 Demosthe-

51 2553 56 2557 ·
85 2545 173 2570 nem
192 2532 321 2570 Isaeo?
372 2533 427 2571 Ut
447 2533 573 2570 vultus
594 2533 793 2571 hominum
811 2533 954 2571 diversi
984 2539 1086 2577 sunt,
1109 2533 1162 2570 sic
1184 2533 1296 2570 etiam
1328 2533 1540 2583 ingenium,

86 2600 139 2639 et,
160 2607 248 2644 quae
269 2608 316 2632 ex
335 2594 489 2644 ingenio
505 2595 688 2640 nascitur,
710 2595 849 2633 oratio.
906 2594 985 2632 Sed
1007 2596 1126 2633 taedet
1147 2594 1232 2632 haec
1247 2594 1427 2645 pluribus
1448 2608 1542 2633 con-

78 2654 227 2693 futare.

141 2715 427 2766 Persequamur
454 2718 583 2768 potius
604 2719 775 2756 oratoria
798 2717 1050 2767 Antiphontis
1071 2717 1213 2755 studia.
1271 2717 1331 2754 Ex
1352 2730 1411 2762 eo,
1435 2717 1541 2766 quod

88 2789 205 2827 supra
224 2779 584 2825 demonstravimus,
599 2780 881 2830 Antiphontem
896 2778 1119 2830 Thucydidi
1141 2778 1178 2815 in
1200 2777 1423 2828 eloquentia
1443 2778 1542 2817 viam

85 2838 297 2889 praeivisse,
322 2840 451 2890 colligi
471 2847 618 2891 potest,
640 2842 690 2878 ab
718 2842 796 2887 illo,
815 2841 975 2892 Gorgiae
997 2840 1192 2891 exemplo,
1213 2840 1346 2877 ludum
1377 2839 1543 2877 rhetori-

87 2913 176 2938 cum
199 2900 365 2938 Athenis
384 2914 466 2940 esse
488 2909 689 2953 apertum:
721 2903 840 2953 idque
860 2902 1002 2941 diserte
1025 2902 1226 2940 confirmat
1244 2901 1477 2939 Plutarchus
1493 2902 1542 2940 de

90 2963 226 3002 Gloria
249 2964 476 3003 Atheniens.
495 2978 532 3016 p.
551 2969 669 3005 1350.
691 2968 733 3004 οὐ
755 2965 838 3010 τοὺς
858 2966 897 3004 ἐν
919 2971 1002 3009 ταῖς
1024 2968 1187 3016 σχολαῖς
1206 2967 1251 3003 τὰ
1267 2966 1434 3017 μειράκια
1453 2982 1543 3017 προ-
