1816 3272
410 231 746 273 LECTIONES
778 229 1177 274 ANDOCIDEAE.
1439 227 1522 268 209

66 338 302 389 περιέκοψαν,
331 342 380 381 ὡς
407 338 626 388 Κράτιππός
654 346 757 390 φησι,
790 339 1063 387 προσαμαρτὼν
1089 337 1285 387 μυστήρια·
1322 334 1455 384 κριθείς
1486 348 1524 370 τε

66 399 126 436 ἐπὶ
148 400 301 447 τούτοις,
329 400 520 452 ἀπέφυγεν
549 402 608 437 ἐπὶ
636 403 684 451 τῷ
719 403 894 450 μηνύσειν
925 397 1008 441 τούς
1028 398 1261 440 ἀδικοῦντας·
1293 394 1456 440 σπουδὴν
1486 393 1522 431 δὲ

64 463 196 498 πᾶσαν
215 462 462 513 ἐνεγκάμενος
490 462 530 509 (l.
550 462 854 511 εἰσενεγκάμενος
874 473 920 497 ex
940 459 1108 506 photio),
1129 459 1244 509 ἐξεῦρε
1264 457 1350 500 τοὺς
1371 457 1452 507 περὶ
1477 457 1524 494 ταῖ

65 523 145 571 ἱεροὶ
164 523 464 573 ἁμαρτάνοντας,
484 523 524 560 ἐν
539 520 596 565 οἷς
615 523 675 559 καὶ
693 522 757 560 τὸν
777 523 890 559 αὑτοῦ
909 521 1055 572 πατέρα
1073 521 1244 569 ἐμήνυσε·
1271 520 1331 557 καὶ
1350 518 1434 561 τοὺς
1453 515 1524 568 μὲν

65 583 208 627 ἄλλους
235 584 379 627 πάντας
397 585 552 633 ἐλέγξας
571 584 745 630 ἐποίησεν
772 584 996 628 ἀπολέσθαι,
1026 582 1089 619 τὸν
1109 581 1145 618 δὲ
1170 581 1314 633 πατέρα
1333 579 1522 630 έῤῥῦσατο,

64 646 185 684 καίτοι
205 645 396 697 δεδεμένον
414 646 496 693 ἤδη,
510 647 772 699 ὑποσχόμενος
787 648 914 684 πολλὰ
928 645 1192 688 λυσιτελήσειν
1204 643 1318 681 αὐτὸν
1338 645 1382 696 τῇ
1402 643 1522 679 πόλει·

64 709 124 744 καὶ
140 709 204 745 οὐκ
228 708 423 757 ἐψεύσατο·
452 711 582 758 ἤλεγξε
602 711 676 758 γάρ
695 710 714 746 ὁ
733 708 940 759 Λεωγόρας
959 707 1137 752 πολλοὺς,
1160 705 1318 756 δημόσια
1343 705 1524 755 χρήματα

65 771 397 821 σφετεριζομένους,
419 772 479 808 καὶ
498 772 600 809 ἄλλα
630 772 715 808 τιναῖ
741 769 974 812 ἀδικοῦντας·
995 770 1055 807 καὶ
1082 767 1144 805 διαῖ
1162 766 1234 817 μὲν
1251 771 1367 804 ταῦτα
1385 764 1522 818 ἀφείθη

64 837 130 876 τῆς
148 832 283 875 αἰτίας.
340 832 486 870 Eadem
504 831 586 870 fere
613 831 680 870 sed
702 831 868 879 brevius,
889 833 1033 882 quippe
1051 843 1098 868 ex
1118 829 1177 867 his
1197 828 1398 880 decerpta,
1417 827 1524 864 Pho-

66 892 142 930 tius
156 899 288 932 narrat
307 893 344 931 in
367 893 552 932 Biblioth.
569 894 594 932 l.
615 907 650 932 c.
690 895 903 945 Leogoram
923 900 1073 944 patrem
1090 905 1203 930 suum
1221 903 1424 930 accusasse
1442 891 1523 927 An·

64 953 259 1002 docidem,
281 961 417 993 auctor
436 969 592 1004 quoque
611 961 670 993 est
686 956 853 993 Tzetzes
874 955 977 993 Chil.
998 955 1070 992 VI.
1089 967 1125 991 v.
1145 958 1236 994 367.
1290 985 1300 988 -

327 1040 376 1080 Ὁ
393 1041 611 1080 Ἀνδοκίδου
628 1043 777 1094 ῥήτορος
796 1045 915 1093 πατὴρ
935 1040 981 1088 ἦν
999 1042 1223 1094 Λεωγόρας,

329 1102 414 1141 “Υπ’
430 1103 646 1143 Ἀνδοκίδου
663 1103 855 1155 προδοθεὶς
871 1106 1024 1151 νικήσας
1043 1121 1080 1143 τε
1100 1108 1143 1160 τῇ
1162 1104 1253 1159 δίκῃ.

64 1197 258 1237 Videntur
273 1204 403 1237 autem
421 1199 506 1237 haec
526 1199 647 1249 petita
662 1212 746 1238 esse
765 1213 813 1238 ex
827 1199 986 1251 perditis
1002 1206 1140 1238 contra
1156 1196 1404 1237 Andocidem
1420 1193 1521 1232 Ora-

64 1258 248 1307 tionibus,
268 1259 396 1297 aliisve
418 1260 586 1310 scriptiS,
609 1274 697 1310 quae
723 1261 936 1309 antiquitus
963 1261 1207 1307 exstiterunt,
1228 1258 1356 1309 qualia
1375 1268 1522 1295 memo-

63 1328 198 1360 rantur
229 1323 355 1375 Lysiae
385 1329 425 1361 et
457 1323 658 1362 Theodori
690 1324 886 1376 Byzantii.
944 1325 1060 1362 Certe
1093 1327 1134 1362 in
1170 1323 1355 1362 Oratione
1386 1325 1522 1360 contra

63 1383 317 1432 Andocidem,
336 1399 424 1435 quae
444 1386 571 1437 Lysiae
589 1399 728 1424 nomen
742 1386 917 1437 praefert,
937 1394 1085 1437 patrem
1106 1397 1310 1424 accusasse
1329 1393 1521 1430 nusquam

66 1445 221 1493 dicitur,
242 1447 310 1485 sed
336 1448 485 1485 crimini
504 1448 559 1485 illi
579 1448 707 1494 datur,
727 1448 833 1497 quod
855 1450 1000 1487 amicos
1023 1455 1290 1499 cognatosque
1311 1444 1383 1484 sibi
1403 1442 1522 1482 caris-

64 1509 180 1548 simos
212 1510 408 1549 delatione
439 1524 507 1549 sua
540 1511 767 1560 perdiderit,
799 1512 856 1549 uti
887 1525 928 1563 p.
947 1516 1039 1551 103.
1070 1525 1105 1550 ν.
1125 1515 1190 1550 22.
1217 1524 1257 1561 p.
1276 1513 1370 1547 105.
1393 1520 1427 1546 v,
1455 1510 1521 1544 18.

65 1586 178 1624 seqq.
233 1575 417 1612 Attamen
450 1574 555 1625 prius
590 1575 641 1612 ab
679 1573 843 1612 inimicis
872 1575 1070 1627 objectum
1100 1573 1218 1612 fuisse
1248 1569 1446 1610 Andocidi
1474 1581 1522 1608 ex

62 1635 164 1674 illius
183 1636 434 1686 responsione
460 1641 591 1686 patet:
623 1636 676 1674 ait
700 1635 804 1674 enim
826 1649 866 1688 p.
887 1640 925 1674 3.
946 1650 982 1675 v.
1004 1641 1070 1676 39.
1091 1636 1254 1683 ’Έλεξαν
1274 1636 1348 1683 γάρ
1376 1635 1426 1676 ὡς
1444 1631 1520 1680 ἐγὼ

60 1698 266 1749 μηνύσαιμι
283 1699 363 1750 περὶ
388 1705 460 1736 τῶν
479 1698 700 1749 μυστηρίων,
731 1699 999 1750 ἀπογράψαιμί
1021 1715 1059 1737 τε
1078 1698 1142 1736 τὸν
1162 1700 1306 1746 πατέρα
1325 1696 1389 1734 τὸν
1408 1695 1522 1745 ἐμαυ-

62 1763 126 1797 τοῦ
150 1761 332 1809 παρόντα,
361 1762 419 1797 καὶ
447 1759 626 1812 γενοίμην
653 1762 817 1810 μηνυτὴς
851 1763 948 1799 κατά
980 1765 1042 1798 τοῦ
1066 1759 1218 1811 πατρὸς
1240 1762 1305 1796 τοῦ
1338 1757 1522 1809 {pam-017:

63 1819 204 1858 deinde
224 1821 369 1859 crimen
400 1820 497 1859 illud
528 1834 550 1859 a
579 1831 618 1859 se
646 1827 822 1861 avertere
856 1828 1045 1868 conatur;
1076 1829 1222 1872 patrem
1245 1820 1344 1858 enim
1366 1830 1477 1856 suum
1498 1830 1522 1855 a

64 1881 177 1932 Lydo
208 1882 401 1921 Phereclis
431 1896 542 1921 servo
573 1890 812 1929 accusatum,
839 1896 861 1921 a
896 1884 1120 1934 Speusippo
1145 1882 1299 1934 judicio
1320 1880 1522 1925 traditum,

61 1946 288 1996 παρανόμων
307 1944 461 1983 actione
486 1944 594 1982 illum
623 1947 662 1982 in
688 1944 843 1994 judicio
873 1958 1088 1996 superasse,
1109 1953 1229 1995 atque
1256 1944 1308 1981 ita
1332 1942 1521 1980 evasisse:

64 2020 104 2045 se
123 2013 250 2044 autem
281 2019 362 2056 prae
393 2007 543 2045 caeteris
571 2013 722 2057 patrem
742 2020 826 2044 esse
854 2007 1120 2052 adhortatum,
1143 2013 1186 2044 ut
1208 2004 1352 2055 judicii
1373 2004 1522 2042 subiret

63 2068 288 2118 periculum,
310 2081 438 2118 neque
457 2067 671 2107 voluntario
691 2069 826 2107 exsilio
845 2083 885 2107 se
907 2069 1118 2119 quaestioni
1141 2068 1391 2106 subduceret.
1429 2065 1521 2116 Ipse

65 2131 179 2168 etiam
209 2136 416 2168 accusatus
449 2137 522 2176 est,
552 2131 658 2181 quod
689 2131 966 2182 Mysteriorum
997 2131 1222 2182 religionem
1245 2129 1442 2173 violasset,
1463 2127 1521 2165 uti

65 2191 259 2243 siguificat
276 2205 316 2242 p.
337 2196 376 2230 2.
398 2205 433 2229 v.
453 2196 518 2233 27.
537 2206 576 2243 p.
597 2197 635 2231 5.
655 2206 691 2231 v.
712 2197 750 2230 2.
772 2200 811 2230 et
831 2200 996 2231 testatur
1016 2194 1149 2244 Lysias
1170 2206 1208 2243 p.
1228 2196 1320 2229 103.
1342 2204 1378 2228 v.
1392 2194 1458 2231 27.
1480 2203 1520 2240 p.

63 2259 153 2293 104.
173 2268 209 2293 ν.
228 2259 294 2292 40.
309 2267 348 2304 p.
364 2259 454 2295 107.
473 2267 509 2291 v·
524 2258 589 2292 34.
609 2255 700 2292 item
722 2255 1129 2293 Pseudo-Plutarchus
1145 2260 1184 2291 et
1203 2252 1388 2291 Photius:
1411 2251 1520 2302 quod

64 2317 209 2355 crimen
226 2322 352 2354 utrum
374 2328 506 2353 verum
527 2315 646 2354 fuerit
674 2329 723 2354 an
757 2316 909 2362 falsum,
931 2324 1103 2355 nostrum
1135 2329 1211 2353 non
1238 2320 1296 2352 est
1321 2320 1520 2352 statuere:

62 2377 291 2417 Andocides
312 2376 469 2426 quidem
489 2377 543 2415 ita
563 2390 635 2428 pro
655 2391 696 2416 se
717 2377 830 2425 dixit,
851 2385 894 2416 ut
911 2378 1092 2429 judicum
1120 2376 1318 2415 sententiis
1338 2376 1387 2414 sit
1405 2376 1522 2415 abso·

61 2441 177 2479 lutus.
234 2439 467 2490 Priusquam
500 2445 627 2477 tamen
658 2440 709 2478 ab
744 2440 817 2478 hac
854 2452 973 2478 causa
1003 2438 1262 2484 discedamus,
1297 2438 1521 2488 turpissimo

65 2501 161 2540 vitio
179 2501 364 2540 levandus
383 2507 442 2540 est
460 2500 839 2540 Pseudo-Plutarchi
857 2503 980 2548 locus,
1001 2515 1116 2552 quem
1137 2500 1268 2552 paullo
1287 2506 1378 2538 ante
1397 2513 1522 2550 appo·

65 2564 228 2617 suimus:
251 2577 339 2601 nam
360 2563 454 2613 quid
477 2576 611 2612 quaeso
627 2569 700 2608 est,
723 2564 829 2615 quod
850 2565 1007 2603 narrat?
1027 2566 1304 2614 προσαμαρτὼν
1322 2564 1520 2614 μυστήρια,

64 2630 193 2678 κριθείς
212 2643 248 2665 τε
272 2626 331 2664 ἐπὶ
358 2625 500 2669 τούτοις
529 2641 561 2664 κ.
582 2642 615 2664 τ.
636 2629 673 2664 λ.
730 2627 791 2663 An
812 2626 928 2676 igitur
947 2627 1007 2664 bis
1028 2625 1221 2677 peccavit,
1236 2624 1295 2662 bis
1314 2629 1521 2662 accusatus

65 2694 124 2727 est
138 2687 392 2726 Andocides?
421 2687 585 2725 Minime
606 2701 718 2726 vero:
741 2701 868 2738 neque
888 2688 926 2726 id
944 2689 1094 2726 Auctor
1109 2686 1246 2732 voluit,
1260 2698 1387 2736 neque
1407 2701 1521 2736 προσ-

62 2749 293 2802 αμαρτάνειν
325 2751 512 2800 μυστήρια
545 2750 689 2788 Graece
723 2750 876 2788 dicitur.
951 2750 1029 2788 Sed
1063 2750 1150 2787 haec
1179 2755 1323 2786 temere
1356 2747 1522 2797 repetita

63 2818 154 2850 sunt
171 2824 219 2848 ex
239 2808 528 2860 superioribus:
555 2812 607 2853 εἷς
640 2813 685 2849 τὰ
715 2818 778 2856 τῆς
806 2813 997 2862 Δήμητρος
1025 2813 1201 2862 ἁμαρτὼν
1225 2811 1433 2860 μυστήριαῑ
1463 2809 1522 2846 ni·-

61 2873 203 2910 mirum
232 2871 369 2909 ultima
396 2871 545 2922 syllaba
573 2873 756 2910 vocabuli
789 2873 984 2924 Δήμητρος
1014 2886 1101 2910 cum
1134 2870 1310 2920 sequenti
1343 2872 1521 2922 ἁμαρτὼν

61 2932 224 2977 coaluit,
240 2944 327 2969 cum
344 2931 521 2970 librarius
540 2933 741 2971 sententiae
761 2947 901 2972 nexum
918 2933 1148 2983 requireret,
1166 2939 1283 2981 atque
1300 2931 1386 2969 haec
1405 2931 1522 2970 verba

62 2999 256 3045 repeteret
276 2999 365 3043 post
385 2992 597 3042 longiorem
618 2995 867 3045 parenthesin
898 2998 1000 3034 inter
1031 2998 1212 3045 μυστήρια
1240 2999 1279 3030 et
1308 2991 1444 3043 κριθεὶς
1462 2993 1519 3031 in·

754 3061 777 3094 2
803 3067 828 3093 E
