1816 3272
473 579 518 632 Ι.
557 577 722 631 ΟΤΤ.
766 569 1137 630 SLUITERI

627 700 970 744 PRAEFATIO

104 806 234 873 AD
296 805 887 874 ORATIONEM
946 799 1492 871 ANDOCIDIS

567 947 650 990 DE
680 947 1026 990 MYSTERIIS.

733 1071 860 1078 -ι-

67 1155 177 1194 CUM
194 1160 420 1195 caeterarum
436 1157 574 1195 artium
589 1170 634 1195 ac
648 1156 944 1207 disciplinarum
960 1160 1027 1193 aut
1043 1153 1277 1193 inventrices
1291 1158 1355 1190 aut
1373 1150 1527 1189 altrices

69 1217 300 1257 exstiterunt
318 1219 499 1265 Athenae,
519 1225 598 1256 tum
627 1218 852 1269 eloquentia
879 1219 916 1256 in
938 1230 984 1256 ea
1004 1217 1098 1254 urbe
1117 1222 1156 1253 et
1176 1220 1265 1253 nata
1285 1227 1370 1252 esse
1391 1219 1430 1251 et
1450 1212 1528 1250 alta

68 1291 157 1316 vere
176 1279 441 1318 existimatur:
471 1292 551 1331 non
568 1280 671 1318 illam
693 1280 801 1325 dico,
825 1292 914 1330 quae
936 1279 975 1316 in
993 1279 1121 1329 poetis
1136 1277 1321 1321 cernitur,
1342 1276 1408 1313 sed
1429 1288 1526 1317 eam,

67 1355 156 1393 quae
183 1342 223 1380 in
243 1343 460 1394 republica,
480 1356 568 1392 quae
588 1344 628 1381 in
654 1343 753 1390 foro,
775 1356 864 1393 quae
886 1343 924 1380 in
944 1328 1182 1380 iTrustrandis
1210 1340 1293 1378 aliis
1314 1338 1529 1389 disciplinis

65 1409 262 1448 versatur:
294 1405 457 1443 Athenis
477 1405 644 1456 primum
663 1419 702 1443 se
723 1411 854 1443 orator
868 1404 1019 1451 extulit,
1036 1405 1280 1454 primumque
1301 1413 1528 1439 monumen-

65 1465 115 1504 tis
134 1472 174 1505 et
200 1466 321 1505 literis
341 1467 467 1506 oratio
487 1474 546 1506 est
566 1473 698 1518 coepta
717 1467 904 1505 mandari.
961 1467 1062 1505 Cum
1082 1479 1174 1504 vero
1198 1465 1282 1515 jam
1303 1462 1525 1501 Themisto-

65 1527 144 1566 cles
165 1527 320 1580 aliique,
342 1535 382 1567 et
397 1528 495 1567 illius
515 1534 645 1575 aetate,
665 1535 704 1567 et
723 1535 813 1579 post
831 1529 954 1574 illum,
977 1527 1200 1578 eloquentia
1219 1525 1444 1576 praestitisse
1465 1523 1525 1561 di-

64 1594 214 1638 cantur,
228 1590 368 1629 nullius
389 1596 530 1637 tamen,
547 1597 590 1629 ut
606 1590 798 1638 Oratoris,
812 1597 900 1628 ante
920 1597 1096 1640 tempora
1109 1588 1359 1639 Antiphontis
1380 1586 1527 1635 scripta

63 1650 236 1702 fuerunt,
252 1665 379 1703 neque
395 1653 602 1703 quisquam
625 1653 699 1690 hoc
721 1665 859 1690 munus
880 1665 1051 1691 seorsum
1072 1650 1121 1688 ab
1142 1650 1227 1687 aliis
1247 1654 1284 1687 et
1305 1654 1524 1699 separatum

62 1712 260 1764 professus
289 1721 361 1754 est.
418 1715 630 1764 Postquam
659 1719 789 1752 autem
821 1713 988 1764 Gorgias
1010 1719 1049 1751 et
1069 1711 1275 1762 Antiphon
1296 1709 1525 1748 Rhetoricas

62 1775 218 1815 scholas
236 1777 401 1815 Athenis
421 1783 668 1828 aperuerunt,
692 1782 840 1814 tantum
862 1776 1075 1827 derepente
1102 1776 1244 1813 exarsit
1264 1772 1422 1812 dicendi
1443 1778 1524 1810 stu-

63 1836 186 1884 dium,
211 1843 254 1876 ut
273 1838 476 1876 humanior
496 1851 610 1877 nemo
629 1838 839 1884 videretur,
868 1839 936 1888 qui
957 1851 1033 1875 non
1055 1836 1292 1875 Rhetoribus
1310 1847 1523 1883 eorumque

60 1900 134 1938 arti
155 1900 325 1938 studium
343 1900 558 1951 impensius
579 1900 793 1938 tribuisset.
850 1900 991 1937 Primae
1022 1905 1152 1936 autem
1179 1898 1307 1936 aetatis
1340 1897 1444 1934 nulla
1473 1895 1521 1933 ad

61 1966 236 2000 nostram
255 1962 479 2000 memoriam
502 1968 752 2000 monumenta
781 1968 928 2000 servata
950 1967 1052 2008 sunt,
1073 1960 1146 1998 nisi
1167 1958 1425 2010 Antiphontis
1454 1958 1522 1996 ali-

61 2029 160 2074 quot
176 2024 398 2071 Orationes,
414 2024 576 2062 fortasse
594 2024 760 2075 spuriae;
792 2023 1012 2062 Andocidis
1033 2035 1193 2074 paucae3
1224 2020 1352 2072 Lysiae
1370 2020 1520 2070 plures:

60 2097 107 2122 ex
127 2085 267 2134 quibus
287 2085 336 2124 de
365 2085 523 2124 dicendi
543 2098 684 2137 genere
708 2085 812 2123 illius
832 2085 957 2123 aetatis
975 2084 1101 2136 possit
1114 2083 1301 2133 judicari.
1357 2084 1410 2120 At
1430 2094 1521 2119 vero

61 2146 301 2193 Andocides,
314 2147 466 2185 medius
484 2160 598 2197 paene
619 2146 847 2195 interjectus
873 2147 973 2184 inter
992 2145 1275 2196 Antiphontem
1294 2150 1333 2181 et
1351 2142 1519 2194 Lysiam,

56 2206 127 2253 ,illo
153 2206 362 2246 duodecim
383 2207 465 2245 fere
484 2208 594 2246 annis
615 2208 751 2254 minor,
782 2208 857 2245 hoc
886 2220 1025 2245 novem
1045 2206 1157 2245 annis
1176 2205 1303 2254 major
1322 2211 1426 2250 natu,
1455 2204 1516 2241 di-

59 2281 211 2306 versum
242 2269 442 2319 aliquanto
475 2269 526 2306 ab
552 2268 626 2307 illis
657 2275 815 2307 secutus
839 2275 898 2306 est
927 2268 1086 2306 dicendi
1113 2280 1246 2317 genus.
1304 2267 1395 2317 Ipse
1416 2265 1518 2303 enim

58 2342 137 2368 non
158 2330 231 2369 nisi
251 2344 338 2369 suas
359 2344 496 2370 causas
515 2336 581 2369 aut
601 2330 829 2381 reipublicae
848 2330 989 2381 attigit,
1011 2342 1137 2380 neque
1155 2334 1310 2367 constat
1329 2340 1376 2365 an
1394 2334 1518 2365 artem

59 2390 254 2437 didicerit,
278 2392 349 2430 nisi
370 2392 534 2430 fortasse
557 2392 746 2443 Gorgiam
777 2391 957 2436 audierit,
979 2390 1046 2440 qui
1074 2404 1121 2428 eo
1152 2389 1405 2428 adolescente
1429 2388 1515 2438 jam

59 2453 228 2492 docebat
247 2454 432 2493 Athenis:
463 2453 518 2492 illi
537 2460 667 2492 autem
688 2459 728 2492 et
746 2454 819 2504 ipsi
847 2453 1098 2491 Rhetoricam
1128 2452 1361 2497 docuerunt,
1378 2456 1417 2489 et
1433 2450 1517 2488 aliis

58 2515 296 2566 scripserunt
316 2515 539 2560 Orationes,
558 2515 700 2565 quibus
716 2515 920 2565 injudicio
937 2521 1147 2552 uterentur.
1187 2513 1286 2551 Cum
1302 2513 1418 2563 igitur
1438 2525 1514 2549 non

59 2576 132 2614 nisi
151 2577 328 2626 publicas
347 2590 483 2615 causas
504 2581 647 2614 tractet
667 2576 906 2622 Andocides,
926 2575 1133 2626 plurimum
1154 2575 1238 2626 ipse
1256 2574 1294 2611 in
1315 2573 1516 2623 republica

57 2644 243 2683 versatus,
271 2638 385 2676 facile
417 2638 662 2689 intelligitur,
685 2644 874 2688 quantum
907 2637 1009 2675 illius
1040 2636 1159 2674 lectio
1187 2636 1325 2680 valeat,
1356 2647 1443 2672 cum
1465 2633 1514 2670 ad

59 2699 339 2749 rempublicam
358 2713 404 2738 ac
424 2713 484 2738 res
503 2707 645 2751 gestas,
661 2706 741 2737 tum
755 2699 803 2737 ad
817 2698 1013 2749 ingenium
1028 2704 1066 2736 et
1080 2712 1206 2736 mores
1217 2695 1514 2735 Atheniensium

57 2760 376 2811 cognoscendos:
407 2761 624 2811 praesertim
651 2774 754 2806 cum,
783 2767 823 2799 et
849 2760 1009 2798 florente
1031 2760 1247 2810 republica,
1268 2757 1515 2807 et-collapsa,

58 2821 208 2868 vixerit,
229 2827 268 2858 et
287 2821 537 2860 instauratam
557 2823 694 2860 iterum
717 2821 869 2860 viderit.
926 2821 1031 2858 Talis
1051 2820 1165 2870 igitur
1185 2824 1394 2868 tantusque
1422 2830 1515 2866 cog-

59 2881 219 2920 nitionis
243 2881 330 2920 fons
358 2896 446 2920 cum
476 2883 526 2921 sit
555 2883 668 2922 nobis
691 2882 935 2927 Andocides,
955 2894 1032 2919 non
1054 2880 1230 2917 inutilem
1252 2892 1323 2916 nos
1343 2890 1516 2928 operam,

57 2955 187 2992 neque
219 2943 406 2994 ingratam
439 2944 598 2982 eruditis
631 2943 802 2982 facturos
832 2944 1112 2986 existimamus,
1134 2943 1164 2978 si
1192 2940 1372 2978 sordibus
1393 2939 1516 2986 illum,

57 3004 197 3053 quibus
229 3011 368 3050 scatet,
396 3011 666 3056 expurgatum,
695 3005 891 3056 puriorem
920 3003 1130 3043 reddamus
1161 3009 1199 3040 et
1234 3001 1513 3053 limpidiorem;

749 3070 774 3103 2
792 3077 818 3103 G
