1818 3189
213 180 239 206 x
335 130 342 135 ε
576 165 929 208 RUHNKENII
966 165 1116 207 HIST.
1149 165 1306 207 CRIT.

212 288 284 319 τῶν
315 282 508 321 ἀντιδίκων
534 284 654 333 ὁρᾶτε,
686 280 714 319 ὦ
747 281 875 332 ἄνδρες
905 281 1091 320 δικασταί.
1151 280 1370 325 Enimvero,
1404 278 1558 317 Niciam
1592 291 1668 316 non

120 346 195 382 126
212 343 446 394 eloquentia,
469 344 536 382 sed
560 344 699 395 opibus
726 351 763 382 et
792 343 956 381 fortunis
978 343 1048 381 sibi
1069 344 1167 382 viam
1190 343 1239 382 ad
1258 343 1423 380 honores
1446 340 1667 385 munivisse,

211 403 330 442 docet
350 405 580 443 Plutarchus
599 405 638 442 in
659 404 743 454 ejus
763 405 837 442 vita
862 418 899 454 p.
924 409 1014 442 524.
1037 405 1089 443 D.
1148 405 1284 455 Itaque
1306 403 1369 440 illc
1390 417 1435 440 ex
1457 403 1667 440 oratorum

214 466 392 516 catalogo
413 467 707 517 expungenduS,
730 471 766 504 et
795 466 833 504 in
862 465 1063 504 Clemente
1092 466 1248 504 nomina
1277 467 1331 504 sic
1354 462 1667 514 transponenda:

210 526 364 570 Λυσίας
382 527 421 565 ἐν
447 530 498 579 τῷ
516 529 610 579 πρὸς
636 528 779 566 Νικίαν
804 527 892 577 ὑπὲρ
912 527 1242 579 παρακαταθήκης.
1301 527 1401 570 Quae
1422 539 1469 563 ex
1494 525 1565 563 hac
1586 537 1670 561 ora-

210 589 313 626 tione
334 588 517 635 citantur,
536 589 650 628 etiam
683 595 892 628 occurrunt
912 589 949 627 in
972 589 1099 640 Lysias
1121 590 1188 627 Or.
1211 589 1259 626 de
1283 587 1533 637 Aristophan.
1556 585 1668 623 bonis

210 654 239 697 ξ.
261 650 307 687 α’.
337 650 438 688 Vide
458 651 665 702 Taylorum
686 651 733 689 ad
758 651 934 689 AEschin.
956 651 1041 688 adv.
1065 651 1315 701 Ctesiphont.
1337 650 1418 687 init.

262 711 330 750 IV.
359 717 384 733 “
403 712 487 750 Hos
507 720 679 751 oratores
693 716 752 761 (ut
773 713 913 752 Cicero
933 713 1002 759 ait)
1022 712 1219 751 consecuti
1243 718 1331 749 sunt
1352 711 1505 757 Critias,
1521 710 1667 747 Thera-

207 785 352 820 menes,
385 774 558 824 Lysias-’⁷
589 774 786 820 CR1T1AE‚
818 775 934 813 unius
967 788 1013 812 ex
1050 774 1185 811 XXX.
1220 773 1407 824 tyrannis,
1441 772 1531 810 satis
1576 774 1667 809 nota

208 834 378 872 historia.
400 835 749 873 THERAMENEM
781 848 861 873 uno
888 834 1142 873 deliberativo
1166 846 1304 883 genere
1329 833 1507 879 valuisse,
1532 832 1667 870 scribit

207 896 360 934 Auctor
381 896 746 946 Prolegomenorum
766 897 804 934 in
826 897 1109 947 Aphthonium,
1128 896 1226 934 Bibl.
1244 895 1364 933 Coisl.
1385 908 1425 944 p.
1443 898 1536 933 594.
1553 906 1667 944 quem

207 958 470 1009 Langbaenius
493 959 542 997 ad
580 959 741 1009 Longin.
764 972 801 1009 p.
826 963 889 1000 17.
912 959 1022 996 MSti-
1050 957 1167 995 fidem
1201 962 1370 1002 secutus,
1390 955 1563 993 Troilum
1594 956 1667 992 So-

208 1020 373 1068 phistam
394 1027 522 1058 vocat.
581 1020 695 1058 Hunc
725 1026 856 1058 autem
883 1027 979 1071 puto
1006 1019 1055 1057 de
1083 1019 1325 1057 Theramene
1346 1030 1423 1054 non
1444 1031 1490 1055 ex
1513 1017 1667 1067 scriptis

208 1082 448 1121 orationibus
477 1082 694 1132 judicasse,
712 1083 776 1120 sed
796 1085 944 1121 tantum
961 1081 1165 1127 audivisse,
1179 1087 1219 1119 ut
1235 1080 1282 1118 de
1298 1094 1337 1118 sc
1351 1079 1496 1117 fatetur
1512 1079 1667 1117 Cicero.

210 1144 537 1189 Declamationes,
560 1152 598 1182 et
622 1144 695 1182 alia
720 1145 913 1193 rhetorica
935 1157 955 1181 a
983 1144 1224 1181 Theramene
1244 1141 1509 1191 scriptadicit
1529 1140 1667 1178 Suislas

208 1205 247 1241 in
268 1218 302 1241 v.
349 1206 450 1249 Quae
471 1207 599 1243 omnia
619 1219 640 1244 a
663 1206 946 1244 recentioribus
968 1204 1164 1255 sophistis
1187 1203 1278 1241 ficta
1301 1202 1494 1240 videntur.
1545 1202 1668 1241 Recte

208 1266 307 1304 enim
330 1266 617 1310 Quinctilianus
639 1267 693 1306 II.
713 1273 752 1305 4.
774 1279 812 1317 p.
835 1271 901 1308 76.
938 1271 961 1288 “
978 1267 1110 1304 Fictas
1135 1266 1184 1303 ad
1216 1265 1465 1303 imitationem
1487 1264 1560 1302 fori
1581 1277 1671 1302 con-

208 1325 460 1377 siliorumque
485 1328 664 1366 materias
683 1329 787 1379 apud
809 1329 974 1366 Graecos
1001 1327 1142 1373 dicere,
1165 1327 1268 1365 circa
1297 1326 1538 1364 Demetrium
1566 1326 1668 1364 Pha--

208 1390 309 1428 lerea
329 1390 546 1428 institutum
565 1391 645 1429 fere
662 1392 853 1429 constat.''
883 1391 998 1429 Plura
1014 1390 1062 1428 de
1079 1391 1320 1428 Theramene
1337 1389 1399 1427 CI.
1416 1389 1608 1440 Taylorus
1629 1389 1667 1426 in

206 1450 334 1502 Lysiae
358 1452 437 1489 Vit.
459 1465 498 1502 p.
517 1456 582 1491 44.
614 1453 691 1490 Sed
723 1453 784 1490 hic
804 1452 959 1498 Cicero,
979 1453 1117 1490 saltum
1146 1452 1296 1493 faciens
1317 1463 1339 1488 a
1358 1451 1598 1489 Theramene
1618 1451 1666 1490 ad

207 1512 375 1563 Lysiam,
395 1513 526 1563 plures
557 1513 715 1560 omittit,
743 1527 906 1565 quorum
938 1513 1098 1551 illustris
1135 1520 1197 1553 est
1232 1512 1429 1558 memoria,
1463 1518 1504 1550 ut
1525 1514 1668 1551 ΑΝΤΙ-

206 1583 415 1612 PHONTIS
436 1575 736 1622 RHAMNUSII,
751 1576 891 1625 partim
909 1575 1077 1613 obscura
1096 1576 1188 1612 etin
1207 1575 1408 1612 vetustatis
1426 1575 1598 1613 tenebris
1614 1574 1669 1613 la-

205 1642 306 1673 tens.
364 1635 504 1686 Lysiae
518 1641 670 1674 aetatem
687 1637 754 1686 qui
775 1637 1059 1687 praecesserint,
1080 1637 1139 1674 vel
1159 1636 1372 1687 attigerint,
1393 1637 1471 1676 fere
1492 1637 1530 1674 hi
1552 1642 1665 1675 sunt:

259 1698 308 1735 V.
330 1698 601 1736 CEPHALUS.
660 1698 721 1737 De
742 1712 790 1737 eo
810 1699 951 1737 Suidas
972 1699 1052 1737 ita:
1083 1698 1281 1749 Κέφαλος,
1303 1698 1529 1746 Ἀθηναῖος,
1548 1700 1667 1750 ῥήτωρ

205 1760 265 1795 καὶ
285 1759 525 1810 δημαγωγὸς,
549 1759 592 1802 ὃς
618 1766 760 1809 πρῶτος
787 1763 962 1811 προοίμια
983 1763 1044 1797 καὶ
1067 1760 1268 1808 ἐπιλόγους
1290 1760 1510 1799 omli-{Seme
1529 1764 1667 1809 γέγονε

205 1818 242 1857 δὲ
269 1819 328 1857 ἐπὶ
358 1826 423 1865 τῆς
455 1820 657 1871 ἀναρχίας.
691 1821 871 1873 Κέφαλος
902 1821 938 1859 δὲ
971 1820 1077 1864 οὗτος
1109 1820 1201 1872 ἐ’σχε
1229 1821 1423 1873 θυγατέρα
1453 1825 1519 1868 τὴν
1550 1821 1665 1870 Οἵην.

206 1880 320 1918 Hanc
341 1880 459 1918 filiam
476 1881 648 1931 Charopi
676 1882 713 1919 in
744 1882 1033 1921 matrimonium
1062 1883 1296 1921 collocatam
1325 1897 1424 1930 esse,
1456 1897 1503 1922 ex
1533 1884 1665 1923 Philo-

207 1941 329 1979 choro
355 1942 490 1981 scribit
521 1942 811 1993 Harpocration
832 1957 865 1982 v.
885 1943 1041 1990 Οἰῆὲεν.
1099 1945 1328 1995 Cephalum,
1355 1952 1398 1984 ut
1425 1945 1546 1984 virum
1577 1959 1665 1997 pro-

207 2004 474 2054 bum‚·patriae
511 2011 715 2053 amantem,
735 2013 775 2044 et
800 2007 1049 2052 auctoritate,
1078 2021 1191 2058 quam
1225 2009 1338 2046 bonis
1371 2009 1521 2047 artibus
1545 2022 1666 2060 pepe-

110 2070 188 2106 127
206 2065 332 2110 risset,
357 2066 626 2113 excellentem,
654 2066 814 2105 laudant
846 2068 1072 2107 Andocides
1099 2070 1148 2107 de
1183 2070 1347 2121 Myster.
1368 2074 1399 2118 ξ.
1419 2069 1484 2115 κζ’.
1517 2070 1664 2109 Demo-

204 2126 360 2164 sthenes
380 2126 429 2164 de
450 2127 542 2165 Cor.
570 2131 601 2175 ξ.
622 2127 680 2174 ξδ’,
713 2135 750 2166 et
780 2129 1001 2168 Dinarchus
1028 2131 1116 2168 adv.
1145 2131 1350 2170 Demosth.
1371 2135 1401 2179 ξ.
1423 2129 1468 2168 ς’.
1526 2131 1664 2182 ltaque

205 2186 319 2225 facile
335 2187 492 2225 credam
509 2188 739 2227 Scholiastae
752 2190 1005 2241 Aristophan.
1028 2192 1282 2231 Eccles.s48.
1302 2193 1420 2230 alium
1435 2205 1533 2240 esse,
1547 2206 1664 2242 quem

205 2247 259 2285 ibi
279 2248 464 2286 Comicus
484 2250 723 2300 perstringit.
781 2252 938 2290 Morum
959 2252 1196 2304 integritatis
1216 2259 1361 2292 tantam
1383 2246 1566 2293 fiduciam
1588 2255 1664 2293 Ce-

205 2309 343 2358 phalus
370 2309 520 2357 habuit,
542 2318 596 2357 ut,
626 2318 804 2350 narrante
822 2313 1005 2352 AEschine
1034 2314 1124 2353 adv.
1145 2315 1323 2366 Ctesiph.
1346 2319 1376 2363 ξ.
1398 2313 1455 2362 ξε’.
1476 2329 1594 2354 ausus
1615 2316 1664 2355 sit

204 2382 294 2408 cum
322 2371 601 2421 Aristophonte
631 2373 836 2412 Azeniensi
863 2376 1114 2421 contendere,
1147 2383 1232 2414 uter
1259 2382 1415 2415 aetatem
1443 2379 1564 2428 egerit
1595 2378 1664 2416 ho-

205 2431 362 2470 nesiius.
421 2433 646 2480 Recentior,
685 2448 755 2474 nec
801 2443 944 2484 orator,
980 2438 1049 2476 sed
1080 2438 1235 2477 dicendi
1270 2439 1463 2488 magister,
1504 2440 1564 2478 vel
1594 2441 1664 2478 So-

205 2492 348 2543 phlsla‚
369 2493 522 2532 videtur
547 2495 742 2546 Cephalus
770 2497 845 2544 ille,
868 2498 983 2548 cujus
1011 2499 1196 2551 ἐγκώμιον
1215 2498 1392 2548 Λαγίδος
1421 2507 1486 2546 τῆς
1514 2502 1665 2552 ἑταίρας

204 2554 339 2593 laudat
374 2556 587 2594 Athenaeus
624 2557 740 2597 XIII.
772 2572 809 2610 p.
842 2564 932 2599 592.
969 2561 1014 2599 C.
1073 2561 1209 2611 Neque
1250 2561 1350 2598 enim
1383 2562 1571 2600 Oratores
1610 2562 1665 2600 illi

204 2622 353 2654 veteres
381 2616 418 2654 in
446 2616 605 2656 ludicris
638 2622 875 2670 argumentis
901 2622 1041 2659 versari
1070 2622 1258 2660 solebant.
1317 2623 1472 2660 Scimus
1492 2624 1664 2673 quidem,

204 2677 395 2716 Helenam
413 2680 463 2718 ab
486 2679 658 2718 Isocrate
680 2695 762 2720 esse
785 2682 992 2721 laudatam.
1050 2683 1127 2722 Sed
1155 2683 1347 2721 Isocrates
1368 2696 1444 2721 non
1466 2689 1543 2721 tam
1561 2685 1662 2724 Ora-

203 2744 275 2785 tor,
296 2754 411 2790 quam
434 2741 616 2792 Sophista
647 2742 729 2781 suit.
790 2744 955 2794 Reliqua
975 2744 1023 2782 de
1050 2744 1225 2796 Cephalo
1254 2744 1370 2782 habet
1397 2745 1592 2796 Taylorus
1622 2746 1659 2784 in

206 2798 339 2850 Lysiae
361 2803 439 2840 Vit.
460 2816 498 2853 p.
522 2806 588 2843 33.

258 2861 326 2899 Vl.
357 2865 624 2910 ARCfflNus,
657 2879 703 2904 ex
735 2866 859 2914 Coele‚
886 2867 1121 2918 Thrasybuli
1151 2867 1188 2905 in
1223 2867 1401 2908 libertate
1429 2867 1660 2906 vindicanda

203 2921 372 2971 adjutor.
431 2924 644 2964 Funcbrem
671 2926 754 2975 ejus
783 2928 998 2967 orationem
1027 2928 1161 2969 laudat
1188 2928 1298 2967 Plato
1328 2928 1486 2967 Menex.
1509 2941 1545 2979 p.
1567 2933 1657 2969 403.
