1925 3272
466 202 813 248 ORATORUM
849 201 1234 245 GRAECORUM.
1539 202 1579 242 xi

116 321 164 357 Α.
185 332 232 357 ex
260 332 337 370 qua
368 318 485 357 multa
517 318 553 355 in
581 317 866 368 Panegyricum
894 329 1005 355 suum
1034 316 1225 356 derivavit
1251 315 1459 360 Isocrates,
1483 321 1581 354 teste

115 382 257 420 Photio
278 381 378 420 Cod.
395 381 602 430 CCXL.p.
620 383 738 418 1458.
774 379 833 417 Ex
851 379 988 417 eadem
1010 379 1184 417 oratione¹
1198 385 1394 429 sumptum
1410 377 1577 422 videtur,

117 444 222 494 quod
245 444 340 483 citat
361 443 544 480 Clemens
566 441 676 487 Alex.
699 442 838 479 Strom.
860 440 928 478 VI.
949 453 988 491 p.
1010 444 1101 480 749.
1131 441 1239 479 Πᾶσι
1269 441 1340 492 μὲν
1366 439 1579 490 ἀνθρώποις

115 505 298 556 ὀφείλεται
318 506 521 542 ἀποθανεῖν
541 504 563 548 ἢ
585 505 761 554 πρότερον
781 503 803 547 ἢ
831 504 879 545 εἷς
900 503 1062 550 ὕστερον.
1121 502 1283 540 Archini
1304 515 1446 540 nomen
1467 504 1579 539 rosti-

115 565 300 604 tuendum
322 559 452 602 Suidae
473 577 506 601 v.
522 564 751 614 Ἰσοκράτης.
766 586 820 591 --
833 563 1057 606 διδάσκαλος
1077 562 1113 600 δὲ
1132 562 1315 614 Γοργίας.
1335 564 1368 601 οἱ
1389 563 1425 601 ἕὲ
1443 563 1583 601 Τισίαν

116 629 244 678 φασὶν,
276 626 309 663 οἱ
342 625 392 672 δὲ,
416 628 603 675 Ἐργῖνον.
659 625 823 675 Repone
857 625 1051 675 Ἀρχῖνον.
1109 623 1276 670 Caetera,
1296 637 1386 674 quae
1421 624 1471 663 de
1510 625 1583 662 hoe

117 688 287 725 Oratore
315 687 395 726 dici
422 694 597 737 possent,
621 693 868 737 occuparunt
888 686 1065 724 Valesius
1092 685 1140 723 ad
1172 686 1407 736 Harpocran
1428 699 1466 736 p.
1488 690 1580 724 2523.

117 755 156 787 et
176 748 369 800 Taylorus
391 749 428 785 in
456 748 583 798 Lysiae
603 747 683 785 Vir.
706 761 744 798 p.
765 751 830 785 51.
858 749 1061 799 Ἀρχίνους
1081 752 1243 785 vocatur
1270 760 1291 784 a
1313 746 1582 785 Pseudo-Plu-

117 810 254 849 tarcho
275 810 355 847 Vir.
378 810 428 847 X.
452 808 551 847 Orat
571 822 611 860 p.
633 814 724 849 832.
748 809 798 846 D.
819 815 859 847 et
880 809 1003 861 Suida
1022 822 1057 846 v.
1080 808 1248 858 Σαμίων.
1295 809 1369 846 Sed
1391 808 1582 859 Taylorus

118 873 143 910 l.
165 885 200 909 c.
222 878 261 910 et
284 872 392 909 Lect.
418 872 569 922 Lysiae.
591 885 625 909 c.
650 871 740 908 VII.
763 870 872 908 malit
895 872 1091 924 Ἄρχῖνος.
1150 870 1282 908 Minus
1308 877 1424 908 recte.
1481 870 1582 908 Nam

118 930 236 971 in'his
256 933 476 971 nominibus
497 933 637 984 triplex
658 932 790 975 ,forma
817 932 970 976 usitata,
988 931 1200 983 Ἀρχίνους,
1219 932 1429 983 Ἀρχίνους,
1448 933 1585 982 Ἀρχῖ-

120 1010 196 1038 νος.
265 995 330 1033 Sic
362 994 591 1044 Euthynous
625 994 765 1032 Cicero
797 994 915 1031 Tusc.
954 993 1064 1044 Disp.
1098 993 1130 1030 I.
1165 997 1229 1030 48.
1267 993 1473 1045 Euthynus
1507 993 1585 1030 alii.

118 1059 302 1109 Ἀλφῖνος
318 1064 357 1095 et
371 1058 574 1108 Ἀλφίνους
589 1046 811 1107 promiscue
831 1055 1238 1094 Pseudo-Plutarchus
1258 1055 1281 1093 l.
1304 1069 1338 1093 c.
1360 1069 1398 1106 p.
1422 1059 1513 1093 848.
1538 1056 1585 1093 D.

122 1125 162 1157 et
182 1123 272 1157 849.
303 1119 347 1156 B.
404 1119 598 1161 Ἀντίνοος
619 1124 658 1155 et
676 1118 858 1159 Ἀντῖνος
878 1117 1044 1155 Pausan.
1068 1130 1105 1167 p.
1126 1121 1219 1157 617.
1240 1122 1331 1155 618.
1389 1117 1587 1160 Πασίιόυς

122 1179 312 1218 Isocrates
334 1186 373 1216 et
396 1180 630 1229 Harpocrat.
650 1178 826 1222 Πασῑνος
848 1177 957 1216 Suid.
1016 1177 1206 1223 caltinus,
1229 1178 1387 1228 elegiaci
1407 1179 1588 1216 carminis
1610 1179 1685 1214 128

121 1247 269 1285 auctor,
299 1255 320 1279 a
349 1241 584 1279 Terentiano
612 1241 752 1278 Mauro
779 1240 830 1278 de
858 1241 977 1277 Metr.
999 1252 1036 1290 p.
1062 1243 1181 1278 2421.
1202 1239 1404 1278 Callinous
1431 1238 1589 1284 dicitur,

122 1315 200 1341 non
222 1304 332 1342 metri
356 1303 601 1349 necessitate,
623 1309 664 1341 ut
693 1301 853 1353 quidam
875 1302 1129 1352 scripserunt,
1152 1301 1220 1339 sed
1243 1301 1347 1352 quod
1370 1302 1454 1338 haeo
1474 1301 1590 1339 etiam

122 1365 247 1404 forma
273 1365 416 1404 usitata
444 1372 559 1403 esset.
617 1365 719 1402 Nam
748 1371 787 1402 et
815 1365 851 1402 iu
878 1365 1005 1402 soluta
1032 1365 1209 1403 oratione
1237 1365 1455 1403 Callinoum
1478 1372 1590 1404 vocat

124 1428 273 1466 Marius
295 1428 521 1466 Victorinus
543 1429 628 1465 Art.
651 1428 830 1465 Gramm.
854 1427 927 1464 III.
947 1430 1116 1477 p.255,5.
1161 1426 1324 1464 Alcinus
1345 1434 1384 1464 et
1400 1427 1590 1465 Alcinous

123 1488 340 1539 promiscue
355 1489 510 1539 passim.
554 1488 655 1526 Vide
676 1488 880 1526 Dukerum
901 1489 950 1527 ad
971 1488 1151 1540 Thucyd.
1170 1489 1244 1526 111.
1265 1493 1331 1530 70.
1381 1489 1478 1528 Haec
1499 1503 1592 1528 con-

123 1551 265 1589 tractio
280 1550 436 1588 Graecis
453 1550 566 1587 etiam
582 1550 727 1599 placuit
744 1550 780 1587 iu
795 1550 1018 1588 nominibus
1031 1551 1293 1601 appellativis,
1344 1552 1591 1604 Hesychius:

124 1612 311 1654 Κακόνος.
327 1617 527 1650 κακονοῶν.
564 1611 700 1649 Idem:
731 1611 1080 1664 Λασῖνος.,ἄφρων,
1097 1612 1327 1663 ἐπιλήσμων.
1359 1613 1594 1665 Quanquam

125 1674 314 1723 intelligo,
336 1687 412 1711 non
435 1685 613 1724 magnam
635 1672 673 1710 in
694 1673 836 1711 talibus
856 1686 941 1711 esse
963 1674 1157 1725 Hesychii
1179 1675 1468 1713 auctoritatem.
1508 1676 1594 1714 Nu-

127 1747 232 1773 mero
253 1735 411 1785 quidem
440 1734 579 1784 plurali
607 1735 755 1771 κακόνοι
775 1740 813 1771 et
834 1733 932 1772 εὖνοι
952 1735 1110 1773 Atticos
1131 1735 1293 1781 dixisse,
1315 1736 1435 1775 docet
1458 1737 1594 1775 Mark—

127 1797 267 1836 landus
290 1796 339 1834 V.
361 1797 406 1834 C.
428 1796 477 1833 ad
499 1795 626 1847 Lysiae
648 1795 759 1834 Orat.
780 1795 936 1833 XVIII.

181 1859 274 1896 VII.
305 1859 609 1902 ANDROCLES,
636 1856 866 1904 Pitthensis,
893 1870 982 1895 acer
1011 1863 1135 1895 status
1162 1858 1360 1908 popularis
1383 1858 1537 1906 vindex,
1558 1865 1596 1898 et

128 1919 349 1958 Alcibiadis
381 1919 639 1964 adversarius,
673 1919 722 1957 de
755 1931 834 1968 quo
869 1917 1088 1957 luculentus
1121 1920 1231 1958 locus
1262 1927 1320 1957 est
1353 1921 1598 1972 Thucydidis

131 1982 245 2020 VIII.
265 1985 330 2019 65.
389 1981 580 2019 Produxit
608 1987 740 2025 testes,
768 1980 836 2030 qui
859 1980 1104 2018 Alcibiadem
1135 1981 1368 2020 Hermarum
1402 1983 1598 2021 mutilato·

131 2056 213 2082 rum
235 2048 479 2081 accusarent.
510 2042 708 2080 Plutarch.
730 2041 928 2080 Alcibiad.
951 2055 990 2092 p.
1012 2046 1103 2080 ⁶200.
1126 2042 1177 2080 D.
1210 2043 1306 2091 Ejus
1323 2045 1437 2082 etiam
1456 2044 1600 2082 mentio

130 2104 236 2156 apud
255 2104 501 2142 Andocidem
517 2103 566 2142 de
589 2105 752 2156 Myster.
769 2108 800 2151 ἕ.
816 2102 859 2142 ς’.
893 2103 1096 2142 Laudatur
1116 2105 1166 2142 ab
1188 2105 1401 2144 Aristotele
1424 2107 1587 2144 Rhetor.

131 2166 184 2204 ΙΙ.
206 2179 245 2216 p.
267 2169 360 2204 500.

186 2229 300 2266 VIII.
323 2229 614 2275 SoPHOCLEs,
634 2228 810 2266 diversus
829 2241 851 2265 a
865 2228 1045 2278 Tragico‚
1067 2241 1164 2266 unus
1185 2242 1234 2267 ex
1254 2228 1506 2281 Προβούλοις,
1523 2230 1600 2268 sive

135 2290 388 2339 Decemviris,
410 2288 478 2339 qui
498 2295 586 2327 ante
606 2288 925 2339 Quadringentos
944 2290 1065 2328 creati
1091 2296 1180 2328 suut
1204 2304 1291 2328 cum
1320 2304 1468 2330 summa
1489 2297 1600 2341 pote—

134 2358 232 2390 state
263 2351 412 2402 legibus
449 2350 677 2389 scribendis.
741 2350 833 2388 Vid.
869 2351 1070 2389 Aristotel.
1106 2351 1221 2390 Rhet.
1255 2352 1330 2390 III.
1361 2366 1400 2403 p.
1435 2356 1528 2394 748.
1563 2360 1603 2392 et

133 2415 183 2455 ad
207 2416 446 2466 Harpocrat.
466 2427 504 2465 p.
526 2419 619 2454 181.
677 2413 857 2452 Eundem
891 2427 976 2453 esse
1012 2421 1122 2466 puto,
1143 2415 1211 2466 qui
1233 2415 1332 2454 inter
1354 2417 1490 2455 XXX.
1519 2417 1602 2468 Ty-

134 2490 276 2515 rannos
298 2481 628 2514 commemoratur
647 2488 669 2513 a
691 2475 956 2526 Xenophonte
977 2476 1133 2515 Hellen.
1156 2477 1209 2515 II.
1231 2491 1268 2529 p.
1288 2482 1380 2517 461.
1402 2479 1446 2517 Β.
1505 2478 1604 2529 Ejus

134 2539 348 2577 orationem
361 2550 441 2588 pro
461 2538 698 2576 Euctemone
718 2537 852 2575 laudat
874 2537 1101 2576 Aristoteles
1121 2538 1283 2577 Rhetor.
1306 2539 1336 2576 Ι.
1361 2552 1400 2590 p.
1419 2543 1516 2578 246.

189 2600 263 2638 IX.
294 2600 575 2645 CLEoPHoN,
596 2599 840 2637 turbulentus
868 2599 1121 2650 demagoguS,
1149 2606 1188 2639 et
1215 2600 1350 2639 similis
1371 2601 1603 2653 Hyperbolo

137 2667 177 2699 et
196 2661 347 2705 Cleoni‚
368 2660 606 2710 quibuscum
630 2673 734 2710 saepe
755 2659 953 2710 jungitur.
1011 2661 1151 2704 Cicero
1171 2661 1220 2699 de
1242 2662 1476 2713 Republica,
1497 2663 1603 2714 apud

138 2723 344 2772 Augustiu.
365 2721 416 2759 de
439 2722 485 2759 C.
507 2721 558 2758 D.
576 2721 629 2758 ΙΙ.
652 2725 691 2759 9.
750 2726 775 2744 “
793 2722 922 2765 Quem
942 2722 1004 2759 illa
1024 2722 1264 2773 (Comoedia)
1284 2736 1362 2762 non
1383 2724 1526 2773 attigit,
1544 2725 1605 2763 vel

139 2783 285 2834 potius,
301 2795 418 2832 quem
439 2795 515 2820 non
532 2783 711 2821 vexavit?
742 2783 804 2820 cui
819 2784 1022 2834 pepercit?
1052 2784 1168 2823 Esto:
1191 2785 1403 2836 populares
1418 2785 1605 2834 homines,

139 2843 340 2894 improbos
365 2844 402 2880 in
424 2843 641 2894 republica,
664 2843 886 2891 seditiosos,
908 2845 1108 2892 Cleonem,
1131 2845 1433 2896 cleophontem,
1453 2847 1606 2898 Hyper-—

142 2905 271 2944 bolum
293 2904 434 2943 laesit.''
477 2905 713 2944 Plutarchus
738 2906 848 2943 Polit.
873 2919 1044 2957 praec.p.
1062 2908 1370 2960 805.(ἶ.φαῦλον
1391 2910 1607 2961 ἄνθρωπον,
1627 2922 1705 2959 129

142 2968 301 3014 ἀπονοίᾳ
348 2964 383 3002 fe*
412 2967 471 3003 καὶ
499 2961 675 3012 ἓεινῧτητι
712 2969 959 3018 πεποιημένον
985 2969 1042 3019 ὑφ’
1069 2970 1167 3021 αὑτῷ
1199 2971 1265 3014 τὴν
1300 2970 1429 3017 πόλιν,
1458 2969 1536 3015 οἷος
1562 2969 1608 3016 ἦν
