1818 3189
221 202 249 243 4
514 203 690 245 PETRI
722 200 845 244 VAN
877 200 1074 243 SPAAN
1107 198 1375 242 DISSERT.

224 318 328 352 sane,
352 306 452 344 inter
479 320 519 345 se
548 307 759 358 pugnantia
784 313 824 345 et
853 307 1034 355 absurda,
1060 307 1150 345 satis
1181 306 1369 351 iudicant,
1399 303 1668 343 Pseudo-Plu-

221 368 397 406 tarchum
420 375 589 406 veterum
607 369 818 407 Oratorum
834 369 932 424 vitas
951 369 1055 407 nullo
1068 369 1223 418 judicio
1242 367 1542 407 consarcinasse.
1587 366 1668 403 An-

221 430 410 480 tiphontis
430 430 654 479 magistrum
672 430 853 480 ignorari,
875 431 1015 469 Suidas
1031 431 1182 469 scribit.
1222 431 1321 474 Quae
1343 428 1440 467 forte
1462 440 1577 466 causa
1597 432 1669 473 est,

221 505 290 530 cur
309 505 330 528 a
351 491 555 537 nonnullis,
585 498 682 529 teste
702 492 938 531 Philostrato
959 493 984 530 l.
1006 506 1040 531 c.
1063 492 1220 530 habitus
1236 492 1284 530 sit
1301 493 1519 541 αὒτομαθῶς
1541 491 1668 534 σοφός.

274 553 460 591 Eruditus
480 553 683 604 Antiphon
705 554 783 592 sive
807 568 827 593 a
848 560 958 606 patre
985 554 1158 605 Sophilo,
1181 554 1259 591 sive
1287 553 1336 591 ab
1362 552 1459 596 aliis,
1481 557 1607 589 totum
1629 564 1670 589 se

224 615 333 654 dedit
363 615 589 653 excolendae
615 616 875 667 Eloquentiae,
901 617 938 654 in
969 629 1045 667 qua
1066 622 1299 654 consecutus
1319 621 1378 652 est
1406 614 1510 652 felici
1537 613 1669 651 studio

224 690 310 722 suo,
329 682 372 714 ut
402 683 522 716 artem
542 677 791 716 Rhetoricam
813 679 872 716 vel
889 679 1072 729 princeps
1092 678 1292 724 invenisse,
1309 676 1368 713 vel
1383 676 1577 713 inventam
1592 689 1672 713 am-

222 737 419 788 plificasse
439 738 608 777 dicatur.
665 740 923 778 Philostratus
944 740 970 778 l.
990 754 1025 778 c.
1051 740 1262 790 Ῥητορικὴν
1282 738 1321 776 δὲ
1340 738 1401 776 τὸν
1419 736 1670 789 Ἀντιφῶντα,

220 800 256 836 οἱ
274 800 345 850 μὲν
363 802 427 837 οὒκ
445 798 562 838 οὖσαν
582 803 715 851 εὑρεῖν,
735 803 769 839 οἱ
791 802 830 839 δὲ
856 803 1055 853 εὑρημένην
1083 804 1251 847 αὐξῆσαι.
1308 800 1406 837 Cum
1432 799 1671 837 Philostrato

212 860 337 912 junge
358 862 578 900 Diodorum
604 863 709 912 apud
731 864 924 901 Clement.
951 864 1064 901 Alex.
1087 864 1230 901 Strom.
1253 863 1284 900 I.
1310 875 1350 912 p.
1371 865 1463 900 365.
1509 862 1670 900 Postea—

220 935 338 972 quam
358 937 448 961 vero
468 923 722 974 Antiphontis
742 924 778 961 in
807 925 882 962 hoc
903 938 1042 974 genere
1071 925 1237 962 facultas
1260 923 1448 961 celebrari
1476 923 1671 973 coepisset,

219 991 301 1023 tum
326 985 495 1035 juvenes
515 987 618 1024 illum
649 986 964 1036 frequentabant,
993 993 1035 1023 ut
1055 1000 1143 1023 vera
1173 985 1395 1035 eloquentia
1414 998 1436 1022 a
1462 991 1571 1022 tanto
1591 998 1674 1023 rna-

218 1047 340 1097 gistro
359 1047 639 1091 imbuerentur;
670 1055 750 1085 tum
771 1048 839 1098 rei,
860 1061 1025 1098 quorum
1042 1048 1102 1086 vel
1118 1047 1302 1093 fortunae,
1320 1048 1380 1084 vel
1401 1052 1521 1097 caput
1541 1046 1580 1084 in
1603 1059 1671 1097 pe-

218 1107 343 1145 riculo
371 1114 513 1153 essent,
542 1114 583 1146 ut
612 1108 682 1146 sibi
707 1109 902 1147 orationes
933 1116 1201 1159 componeret,
1222 1122 1245 1146 a
1271 1123 1310 1146 se
1340 1107 1551 1157 injudicio
1574 1108 1673 1147 reci-

218 1168 373 1208 tandas.
428 1170 460 1207 E
481 1170 699 1220 discipulis,
721 1184 821 1220 quos
838 1170 916 1208 sine
938 1170 1059 1209 dubio
1082 1170 1219 1208 habuit
1242 1169 1442 1220 plurimo&
1464 1182 1563 1207 unus
1590 1176 1673 1207 tan-

219 1237 302 1268 tum
328 1239 666 1278 commemoratur,
687 1233 755 1269 sed
783 1232 850 1282 qui
869 1233 996 1283 possit
1021 1245 1104 1270 esse
1126 1233 1244 1270 instar
1263 1237 1546 1270 sexcentorum.
1602 1232 1674 1269 Est

217 1289 283 1328 ille
311 1291 535 1330 immortalis
564 1293 653 1331 belli
681 1293 1001 1343 Peloponnesiaci
1019 1293 1195 1343 scriptor,
1216 1292 1482 1343 Thucydides,
1510 1292 1575 1342 qui
1595 1292 1675 1330 elo-

219 1354 389 1402 quentia:
409 1355 610 1404 gravitate,
633 1356 775 1406 ingenii
793 1355 1014 1401 altitudine,
1032 1355 1122 1401 fide,
1145 1356 1363 1406 prudentia,
1383 1354 1674 1393 Historicorum

218 1427 351 1464 parem
378 1416 500 1453 habet
523 1417 727 1456 neminem.
786 1417 918 1466 Hujus
940 1418 994 1455 rei
1016 1424 1132 1455 testes
1156 1423 1245 1454 sunt
1269 1417 1520 1455 Marcellinus
1538 1417 1575 1454 in
1594 1418 1675 1455 vita

218 1476 461 1528 Thucydidis
491 1490 530 1528 p.
551 1482 591 1516 4.
622 1480 850 1530 Anonymus
878 1479 967 1517 vitae
995 1480 1171 1529 Scriptor
1194 1492 1234 1529 p.
1258 1483 1322 1516 10.
1354 1479 1495 1516 suidas
1522 1493 1557 1516 v.
1585 1480 1675 1517 Ἀν-

218 1545 347 1590 τιφῶν,
367 1545 407 1576 et
424 1553 459 1577 v.
476 1539 713 1588 Θουκυδίδης.
768 1541 855 1579 Nec
875 1541 932 1578 his
954 1542 1211 1592 opponendus
1232 1548 1289 1579 est
1310 1541 1507 1586 Caecitius,
1529 1541 1676 1579 Rhetor

219 1600 387 1646 Siculus,
408 1615 429 1639 e
455 1603 569 1652 cujus
600 1604 880 1641 commentario
908 1603 958 1641 de
979 1603 1223 1654 Antiphonte
1256 1603 1419 1641 Photius
1440 1609 1479 1641 et
1503 1604 1674 1642 Pseudo-

217 1660 451 1700 Plutarchus
479 1663 663 1710 referunt,
698 1664 970 1716 Thucydidem
1002 1665 1256 1715 Antiphontis
1282 1665 1400 1702 fuisse
1429 1666 1672 1716 magistrum:

218 1726 411 1767 Καικίλιος
433 1724 468 1762 δὲ
484 1725 524 1763 ἐν
541 1729 590 1777 τῷ
605 1728 687 1777 περὶ
703 1729 814 1764 αὑτοῦ
835 1726 1084 1778 συντάγματι,
1103 1726 1324 1764 Θουκυδίδου
1342 1732 1406 1764 τοῦ
1427 1730 1674 1780 συγγραφέως

221 1788 388 1836 μαθητὴν
408 1788 639 1838 τεκμαίρεται
653 1791 862 1837 γεγονέναι,
876 1789 913 1835 ἐξ
927 1786 978 1825 ὦν
991 1790 1194 1826 ἐπαινεῖται
1214 1791 1315 1839 παρὰ
1328 1791 1426 1840 αὐτῷ
1445 1790 1464 1826 ὁ
1477 1791 1674 1842 Ἀντιφῶν.

219 1847 324 1885 Nam
350 1848 456 1886 salva
479 1862 540 1887 res
569 1856 642 1897 est,
670 1850 799 1889 Codd.
825 1851 941 1890 MSS.
971 1851 1169 1888 Plutarchi
1200 1863 1272 1901 pro
1294 1853 1462 1901 μαθητὴν
1488 1852 1673 1890 exhiben-

219 1908 325 1946 tibus
352 1909 589 1949 διδάσκαλον.
648 1911 765 1955 Quod
797 1912 910 1951 unice
942 1912 1167 1951 tenendum.
1234 1912 1322 1950 Vid.
1353 1913 1510 1964 Taylor.
1541 1913 1591 1952 V.
1624 1914 1670 1954 C.

219 1970 329 2008 Lect.
352 1972 442 2021 Lys.
458 1985 493 2010 c.
515 1973 604 2010 VII.
637 1973 799 2011 Veniam
817 1974 953 2012 damus
974 1973 1181 2012 immortali
1201 1974 1307 2020 Viro,
1331 1975 1427 2013 Ger.
1452 1976 1509 2012 Io.
1532 1975 1673 2014 Vossio

220 2031 270 2069 de
291 2032 513 2071 Rhetoricae
540 2035 634 2072 Nat.
656 2042 696 2073 et
725 2036 862 2074 Const.
882 2050 917 2075 c.
940 2037 1012 2074 XI.
1034 2049 1147 2086 quem
1180 2035 1319 2073 vitiosa
1346 2037 1544 2074 Plutarchi
1577 2038 1674 2076 scri·

220 2098 337 2143 ptura
354 2094 520 2142 induxit,
541 2103 584 2134 ut
605 2098 644 2134 in
665 2096 741 2134 alia
761 2099 889 2136 omnia
908 2099 993 2136 iret.
1036 2098 1264 2147 Congruunt
1283 2099 1398 2136 etiam
1412 2099 1595 2148 temporis
1615 2112 1674 2137 ra-

220 2156 360 2194 tiones.
407 2157 510 2195 Nam
527 2171 615 2196 cum
631 2159 886 2211 Thucydides
901 2167 1015 2199 natus
1031 2161 1081 2198 sit
1095 2160 1320 2212 Olympiad.
1343 2161 1552 2206 LXXVII,
1573 2166 1612 2200 2.
1630 2167 1674 2200 ut

221 2216 463 2257 demonstrat
480 2220 704 2258 Dodwellus
721 2222 860 2259 Annal.
881 2222 1062 2273 Thucyd.
1083 2235 1123 2272 p.
1139 2225 1204 2259 13.
1241 2221 1507 2272 Antiphontis,
1527 2223 1675 2275 quippe

221 2285 314 2318 octo
340 2281 400 2318 vel
419 2294 559 2320 novem
589 2284 699 2320 annis
729 2284 900 2334 majoris,
929 2284 1145 2334 discipulus
1174 2283 1307 2334 potius
1335 2282 1425 2333 fuit,
1448 2296 1564 2333 quam
1593 2298 1675 2325 ma·

222 2341 352 2392 gister.
408 2343 480 2381 His
510 2345 665 2383 accedit
697 2347 917 2396 gravissima
948 2348 1159 2386 auctoritas
1191 2345 1364 2383 Platonis
1389 2346 1609 2385 Menexeno
1633 2360 1673 2399 p.

222 2407 316 2442 403.
337 2403 438 2447 ὅςτις
458 2405 547 2456 ἐμοῦ
570 2407 694 2445 κάκιον
710 2407 916 2454 ἐπαιδεύθη,
938 2411 1116 2459 μουσικὴν
1137 2408 1207 2459 μὲν
1225 2408 1296 2446 ὑπὸ
1315 2407 1506 2459 Λάμπρου
1526 2409 1675 2448 παιδευ-

224 2464 317 2511 θεὶς,
339 2466 531 2517 ῥητορικὴν
551 2467 587 2505 δὲ
615 2470 672 2506 ὑπ’
691 2469 944 2522 Ἀντιφῶντος
968 2478 1031 2508 τοῦ
1049 2470 1310 2521 Ῥαμνουσίου.
1366 2470 1519 2513 Quibus
1546 2472 1674 2510 verbis

221 2527 491 2578 Thucydidem
521 2530 676 2580 respici,
705 2530 828 2569 dubio
862 2538 993 2576 caret;
1029 2537 1072 2570 ut
1099 2536 1210 2569 tanto
1243 2531 1367 2580 major
1397 2531 1446 2569 sit
1478 2544 1585 2570 error
1612 2533 1672 2572 Io.

221 2588 343 2626 Ionsii
361 2588 410 2627 de
431 2589 620 2640 Scriptor.
640 2591 744 2630 Hist.
765 2593 864 2630 Phil.
887 2606 924 2643 p.
944 2597 1034 2631 326.
1056 2593 1160 2632 hunc
1178 2592 1349 2632 Platonis
1370 2594 1498 2631 locum
1520 2593 1570 2631 de
1584 2594 1674 2644 alio,

222 2663 338 2701 quam
368 2656 514 2698 nostro,
545 2653 788 2704 Antiphonte
819 2655 1076 2704 accipientis:
1107 2668 1224 2706 quem
1256 2660 1406 2692 veteres
1442 2655 1673 2705 Scriptores,

222 2712 287 2762 qui
308 2725 356 2751 eo
375 2721 643 2764 respexerunt,
664 2716 855 2754 Aristides
876 2717 946 2754 Or.
968 2717 1067 2756 Plat.
1088 2717 1142 2755 II.
1161 2730 1200 2767 p.
1222 2720 1314 2754 131.
1343 2716 1610 2767 Hermogenes
1625 2718 1675 2757 de

224 2775 351 2813 Form.
369 2776 484 2815 Orat.
510 2777 562 2815 11.
583 2790 623 2828 p.
645 2782 737 2819 497.
757 2779 993 2816 Themistius
1020 2780 1091 2817 Or.
1120 2779 1271 2817 XXVI.
1294 2791 1334 2829 p.
1355 2782 1450 2816 329.
1471 2785 1511 2817 et
1530 2780 1674 2820 Athen.

224 2835 297 2873 XI.
315 2849 352 2886 p.
373 2842 465 2876 506.
488 2839 530 2877 F.
551 2839 703 2878 inviam
717 2840 902 2878 reducere
923 2841 1152 2890 potuissent.
1183 2841 1283 2885 Quoe
1304 2853 1392 2878 cum
1413 2840 1468 2878 ita
1483 2841 1574 2887 sint,
1596 2855 1674 2882 non

221 2903 280 2934 est
307 2898 534 2947 mirandum,
562 2908 711 2940 veteres
740 2902 908 2940 Criticos
933 2902 970 2940 iu
999 2902 1245 2953 Thucydidis
1275 2902 1384 2940 libris
1415 2902 1674 2954 Antiphontis

223 2957 475 3000 imitationem
507 2962 823 3014 deprehendisse.
882 2964 1084 3014 Egregium
1115 2970 1174 3002 est
1202 2971 1309 3003 vetus
1340 2964 1537 3012 Scholion,
1565 2965 1673 3016 quod
