1816 3272
404 233 738 279 LECTIONES
770 235 1171 279 ANDOCIDEAE.
1430 237 1513 279 223

57 344 280 395 Xenophon
301 343 455 383 Hellen.
475 344 500 382 1.
528 344 597 382 VI.
619 358 656 382 c.
677 347 715 381 3.
740 344 777 394 ᾗ.
799 347 837 382 4.
860 344 898 382 in
921 357 998 394 qua
1017 357 1096 383 non
1125 343 1199 382 nisi
1219 356 1260 382 se
1281 342 1363 394 ipse
1383 342 1519 380 iaudat

56 411 98 444 et
126 404 277 443 fabulas
308 411 464 444 narrat:
504 410 653 443 tantum
687 404 737 442 ad
770 405 1027 456 eloquentiam
1062 405 1282 457 profecerat
1314 418 1362 443 ex
1396 404 1519 442 Eveni

58 466 173 514 Parii,
194 467 425 518 Protagorae,
446 466 690 517 aliorumque
712 467 982 516 Sophistarum
1006 468 1234 518 disciplina:
1265 467 1316 504 ab
1338 466 1396 504 his
1416 465 1518 504 enim

57 528 130 567 fuit
150 529 328 575 edoctus,
350 535 467 579 atque
495 541 673 579 magnam
701 528 748 565 iis
777 541 851 579 pro
879 528 1123 567 institutione
1155 528 1346 580 persolvit
1369 541 1519 566 merce-

55 589 169 631 dem:
202 599 245 630 ut
276 590 435 629 tradunt
464 590 577 629 Plato
607 590 726 641 Apol.
760 591 871 629 socr.
893 604 931 642 p.
953 594 1090 629 20.·A.
1112 598 1151 629 et
1181 591 1407 642 Xenophon
1427 604 1461 629 c.
1479 593 1518 628 1.

57 652 238 704 Sympos.
259 653 366 704 quod
386 652 491 690 domi
513 652 598 702 ejus
621 652 796 690 habitum
818 652 1050 703 descripsit:
1082 653 1149 691 ubi
1171 653 1297 691 facete
1318 653 1438 702 ipsius
1459 652 1517 690 in-

56 715 212 765 genium
231 714 332 753 ridet
353 729 387 753 c.
408 719 446 752 4.
503 715 698 754 Caeterum
717 715 928 754 Galliarum
949 728 1071 766 genus
1091 716 1263 754 omnium
1285 716 1429 765 optime
1451 729 1518 753 ex-

55 783 272 826 posuerunt
301 776 465 816 Palmer.
485 777 532 815 ad
562 777 768 828 Aristoph.
790 778 898 815 Aves
918 777 957 814 in
977 776 1144 815 Exercit.
1168 777 1217 815 ad
1245 779 1363 814 Auct.
1385 777 1456 814 Gr.
1478 790 1519 827 p.

55 841 148 878 754.
168 843 208 876 et
227 838 402 877 Perizon.
423 838 471 876 ad
492 838 636 877 AElian.
654 839 703 877 V.
722 839 774 877 H.
789 839 832 877 L.
849 839 958 876 XIV.
979 852 1015 877 c.
1038 843 1100 877 16.
1131 838 1277 877 Callias
1293 838 1410 889 igitur
1428 852 1518 876 cum

57 899 210 952 Epilyci
228 899 341 938 filiam
365 900 437 939 sibi
460 901 603 939 habere
624 901 753 949 vellet,
774 907 893 952 atque
915 901 1011 939 illud
1030 901 1122 939 data
1142 901 1308 952 pecunia
1327 913 1349 938 a
1371 901 1518 951 Leagro

54 960 314 1012 impetrasset,
335 962 374 1000 id
395 975 441 1001 ne
461 962 584 1010 fieret,
604 963 824 1001 intercessit
843 962 1084 1010 Andocides,
1105 969 1147 1001 et
1165 964 1355 1014 Leagrum
1376 961 1425 1000 ad
1445 963 1521 1000 Ar-

56 1022 240 1062 chontem
270 1024 306 1062 in
331 1023 400 1074 jus
420 1024 586 1072 vocavit,
607 1025 809 1075 postulans
845 1030 887 1063 ut
915 1025 975 1062 vel
1008 1025 1108 1076 ipse,
1130 1030 1266 1075 utpote
1297 1022 1520 1075 ἀγχιστεῦς,

57 1084 212 1136 Epilyci
232 1085 351 1124 filiam
373 1086 533 1124 haberet
555 1086 613 1124 vel
634 1086 708 1124 sibi
729 1086 900 1126 cederet.
957 1088 1012 1125 At
1039 1100 1130 1126 vero
1150 1085 1309 1132 Callias,
1332 1099 1452 1137 quum
1480 1099 1520 1124 se

54 1159 134 1184 rem
156 1160 245 1186 cum
266 1148 417 1199 Leagro
446 1148 646 1187 conficere
679 1161 755 1186 non
785 1163 903 1200 posse
929 1149 1094 1197 videret,
1115 1149 1154 1188 in
1179 1148 1335 1199 judicio
1354 1148 1518 1198 experiri

55 1209 190 1258 voluit,
215 1215 255 1248 et
284 1209 366 1247 filio
397 1223 480 1258 su0,
508 1217 694 1260 tanquam
726 1210 923 1262 α’γχιστεῖ,
945 1212 1115 1261 puellam
1144 1211 1282 1262 petiit:
1311 1211 1396 1261 ipse
1417 1210 1520 1247 enim

53 1276 144 1322 post
163 1270 408 1309 Andocidem
429 1277 469 1309 et
488 1271 680 1322 Leagrum
701 1273 901 1321 proximus
921 1272 976 1309 illi
993 1278 1076 1310 erat
1096 1278 1300 1322 cognatus.
1358 1271 1519 1322 Quippe

54 1332 244 1383 Leagrum
265 1332 453 1371 credibile
473 1338 532 1370 est
552 1332 670 1370 fuisse
691 1331 814 1371 filium
835 1333 1069 1380 Glauconis,
1091 1346 1262 1384 quocum
1282 1333 1397 1371 classi
1418 1347 1520 1384 prae·

53 1394 182 1434 fuerat
200 1394 448 1433 Andocides:
479 1393 510 1432 is
541 1394 643 1432 enim
672 1394 818 1434 dicitur
842 1395 963 1434 fuisse
983 1395 1122 1446 Leagri
1149 1393 1276 1440 filius;
1307 1401 1348 1433 et
1376 1395 1520 1434 verosi—

55 1457 144 1495 mile
158 1463 218 1495 est
234 1456 340 1498 illum
361 1456 454 1506 item
475 1455 598 1494 filium
618 1456 800 1495 habuisse
819 1457 1032 1508 Leagrum;
1062 1457 1111 1495 de
1133 1470 1212 1508 qua
1231 1457 1430 1496 nominum
1456 1458 1519 1496 avi

54 1525 94 1557 et
124 1519 275 1570 nepotis
310 1517 556 1557 successione
587 1518 672 1568 jam
706 1525 796 1558 ante
828 1519 1011 1559 diximus.
1067 1521 1121 1558 At
1140 1520 1356 1559 Glauconis
1385 1520 1519 1568 filiam,

55 1594 144 1632 quae
165 1581 300 1632 Leagri
331 1594 438 1619 soror
463 1580 596 1627 fuerit,
618 1581 657 1619 in
687 1581 933 1620 matrimonio
961 1582 1098 1620 habuit
1118 1582 1276 1629 Callias,
1305 1588 1345 1620 et
1377 1595 1425 1620 ex
1453 1583 1520 1621 illa

53 1644 174 1682 filium
194 1643 462 1695 Hipponicum
484 1644 728 1695 procreavit:
758 1644 835 1682 vid.
855 1644 1083 1683 Andocides
1103 1658 1143 1696 p.
1162 1648 1229 1683 16.
1247 1658 1284 1682 v.
1306 1646 1372 1683 35.
1392 1651 1436 1684 ut
1455 1644 1519 1683 hic

53 1721 132 1747 uno
147 1707 270 1758 gradu
286 1707 402 1746 fuerit
421 1707 621 1754 remotior,
643 1721 757 1756 quam
779 1708 928 1759 Leager
947 1713 986 1747 et
1006 1708 1247 1747 Andocides.
1303 1707 1404 1746 Cum
1425 1721 1520 1746 vero

52 1769 301 1820 intelligeret,
323 1783 440 1808 unum
470 1769 545 1808 sibi
573 1769 856 1821 impedimento
880 1783 965 1808 esse
991 1769 1252 1816 Andocidem,
1282 1783 1362 1820 quo
1391 1769 1518 1808 minus

55 1835 124 1879 τὴν
141 1832 340 1883 ἐπίκληρον
368 1831 442 1870 sibi
461 1831 684 1882 acquireret
702 1832 965 1883 Hipponicus,
987 1832 1193 1883 Cephissio
1213 1832 1385 1883 pessimo
1406 1845 1520 1884 syco-

52 1893 213 1946 phantae
244 1894 450 1943 pecuniam
482 1893 607 1940 dedit,
630 1899 673 1932 ut
699 1894 877 1942 ἐνδείξεως
895 1895 1002 1932 litem
1025 1894 1079 1932 illi
1099 1893 1270 1932 inferret.
1322 1894 1520 1933 Juvabant

52 1957 159 1996 hunc
172 1956 251 2005 alii,
271 1956 517 2008 vectigalium
533 1956 816 2006 redemptores,
838 1970 937 2006 quos
952 1956 1178 1995 Andocides
1191 1956 1380 1996 licitando
1401 1970 1520 2010 supe-

54 2024 218 2065 raverat,
239 2024 279 2057 et
305 2018 504 2066 effecerat,
525 2031 574 2057 ne
595 2018 800 2068 vectigalia
830 2018 1011 2057 vilissimo
1030 2019 1160 2070 pretio
1180 2018 1441 2064 redimerent;
1471 2033 1518 2058 ex

52 2094 217 2129 quorum
239 2093 402 2119 numero
420 2081 565 2119 nebulo
585 2080 660 2119 iste
678 2086 762 2119 erat
778 2081 1017 2132 Agyrrhius:
1047 2080 1097 2119 de
1118 2094 1198 2132 quo
1216 2081 1295 2119 vid.
1310 2081 1518 2132 Aristoph.

53 2143 159 2182 Plut.
189 2146 282 2183 1¹76.
311 2143 445 2194 ibique
476 2142 633 2181 Scholia
661 2148 701 2181 et
720 2143 872 2182 Eccles.
904 2146 995 2180 102.
1025 2150 1063 2180 et
1082 2146 1188 2189 184„
1222 2143 1459 2193 Harpocrat.
1481 2155 1518 2181 v.

54 2203 258 2256 Ἀγύῤῥιος
285 2209 324 2242 et
343 2207 510 2255 θεωρικά,
531 2203 834 2242 Valckenaerius
857 2204 984 2242 Diatr.
1006 2204 1141 2254 Eurip.
1163 2217 1198 2242 c.
1217 2207 1284 2242 25.
1305 2216 1346 2254 p.
1366 2206 1459 2243 293.
1480 2217 1516 2242 c.

55 2267 129 2306 His
149 2273 400 2306 accesserunt
418 2266 594 2314 Melitus,
615 2265 731 2313 idem,
753 2265 887 2314 credo,
917 2266 986 2317 qui
1015 2267 1217 2304 Socratem
1247 2266 1458 2312 accusavit,
1477 2271 1519 2304 et

51 2329 285 2381 Epichares:
307 2329 388 2368 vid.
407 2328 563 2368 Andoc.
582 2342 622 2379 p.
637 2332 704 2368 12.
721 2342 758 2367 v.
775 2332 840 2367 36.
862 2341 974 2379 seqq.
1016 2328 1116 2366 Haec
1131 2328 1238 2366 enim
1253 2328 1435 2375 ἐνδείξεως
1450 2341 1517 2367 ac-

51 2391 204 2431 cusatio
222 2404 270 2430 eo
287 2390 504 2441 spectabat,
526 2404 574 2428 ne
594 2390 649 2428 illi
665 2390 703 2428 in
723 2389 849 2429 forum
865 2390 994 2429 venire
1014 2390 1163 2437 liceret,
1179 2395 1220 2428 et
1237 2389 1515 2440 praejudicium

50 2453 222 2493 faciebat
236 2451 448 2500 Andocidi,
467 2465 515 2490 ne
531 2453 613 2502 ipse
635 2465 790 2491 causam
813 2465 920 2491 suam
941 2458 1085 2503 ageret,
1107 2455 1148 2490 et
1161 2451 1229 2502 jus
1246 2464 1356 2490 suum
1377 2451 1515 2490 defen-

51 2515 174 2554 deret.
231 2514 376 2553 Callias
397 2527 503 2561 vero,
516 2513 660 2564 judicii
679 2514 824 2552 exitum
855 2519 1082 2565 exspectare
1108 2526 1185 2552 non
1215 2526 1346 2559 ausus,
1370 2525 1514 2552 novum

51 2576 253 2629 quoddam
273 2575 312 2614 in
331 2575 581 2614 Andocidem
602 2575 844 2614 machinatus
863 2582 936 2623 est,
956 2589 1034 2624 quo
1054 2574 1240 2623 efficeret,
1256 2582 1300 2613 ut
1319 2574 1515 2613 inauditus

53 2643 277 2676 moreretur.
331 2637 449 2684 Nam,
480 2650 600 2686 quum
629 2636 711 2675 Lex
735 2643 840 2675 esset
859 2637 1024 2684 Solonis,
1045 2644 1103 2683 ut,
1126 2637 1193 2688 qui
1213 2637 1413 2685 ἱκετηρίαν,
1435 2636 1514 2673 sive

51 2699 147 2737 oleae
162 2710 311 2736 ramum
327 2699 413 2737 lana
433 2699 676 2744 obvolutum,
694 2697 882 2750 supplicis
900 2698 1066 2749 signum,
1079 2699 1118 2737 in
1136 2698 1346 2737 Eleusiniae
1359 2696 1514 2735 Cereris

51 2759 195 2811 templo
209 2759 440 2811 deponeret,
461 2764 581 2798 1000.
597 2760 789 2798 drachmis
810 2760 1084 2804 mulctaretur;
1113 2760 1258 2798 Callias
1278 2770 1425 2796 ramum
1444 2757 1513 2796 de-

50 2823 197 2875 posuit,
211 2829 253 2861 et
273 2821 518 2861 Andocidem
534 2822 763 2873 deposuisse
783 2822 820 2860 in
834 2822 991 2872 judicio
1011 2822 1137 2868 finxit,
1157 2820 1450 2873 postulavitque
1471 2825 1515 2858 ut

51 2884 249 2924 inauditus
268 2885 396 2934 capite
415 2884 666 2934 plecteretur,
685 2883 899 2923 secundum
919 2885 1076 2934 Legem,
1093 2896 1180 2932 quae
1201 2893 1354 2934 poenam
1371 2880 1513 2932 capitis

53 2947 91 2985 in
110 2946 215 2984 illum
237 2950 438 2990 statueret,
461 2942 529 2995 qui
557 2945 595 2984 in
621 2946 722 2984 festo
744 2946 1029 2984 Eleusiniorum
1051 2945 1235 2995 ἱκετηρίαν
1254 2943 1513 2993 deposuisset.

55 3008 162 3054 Quas
181 3007 287 3046 illum
317 3007 413 3046 duas
441 3006 544 3056 leges
574 3007 611 3044 in
634 3007 853 3046 Andocidis
875 3006 1085 3057 perniciem
1107 3005 1207 3044 inter
1227 3018 1268 3043 se
1289 3003 1514 3044 confudisse
