1818 3189
260 207 347 251 214
739 207 773 250 Ι.
803 207 934 250 ΟΤΤ.
961 206 1238 252 SLUITERI

258 313 416 353 illorum
442 319 659 363 temporum
692 319 894 365 exponunt
920 314 1174 367 Thucydides
1203 315 1230 354 1.
1261 313 1391 360 vm„
1421 312 1622 357 Diodorus
1655 312 1714 351 Si-

261 375 374 414 culus
393 375 420 414 l.
442 372 571 422 XIII„
601 374 833 414 Plutarchus
857 382 898 416 et
921 376 1056 427 Nepos
1079 376 1118 415 in
1142 375 1370 416 Alcibiade:
1398 375 1595 426 multaque
1620 387 1712 425 quae

260 437 339 476 huc
367 437 579 488 pertinent,
614 437 828 476 attulerunt
867 437 927 478 Io.
954 438 1100 491 Taylor
1131 439 1170 478 in
1198 438 1290 477 Vita
1321 437 1446 489 Lysiae
1478 443 1519 476 et
1549 437 1595 475 P.
1625 437 1712 479 Van

260 499 389 549 Spaan
410 498 577 537 Dissert.
602 497 652 537 de
677 498 922 551 Antiphonte
940 514 976 540 c.
1001 506 1040 541 2.
1061 514 1100 552 p.
1121 505 1186 540 11.
1206 513 1319 552 seqq.
1374 499 1451 538 Hic
1478 499 1597 550 igitur
1624 496 1713 539 red,-

261 559 379 598 eundi
412 565 576 599 conatus
607 573 696 599 cum
722 560 818 600 male
848 562 1029 601 cessisset
1059 562 1270 609 Andocidi,
1304 561 1440 600 iterum
1468 560 1506 599 in
1539 560 1714 611 Cyprum

261 620 373 668 abiit,
392 627 512 672 atque
539 621 590 660 ad
610 622 825 674 Evagoram
846 636 886 662 se
905 623 1084 671 contulit,
1105 623 1307 663 Salaminis
1330 622 1570 672 aliarumque
1589 619 1714 672 Cypri

260 682 461 733 civitatum
491 696 643 735 regem:
685 685 789 736 apud
817 698 932 736 quem
964 698 1055 726 cum
1086 684 1325 736 aliquamdiu
1351 684 1475 736 gratia
1504 681 1713 735 floruisset,

261 743 405 784 deinde
424 744 558 784 odium
578 745 679 784 illius
701 746 904 795 contraxit,
922 752 964 788 et
991 747 1032 787 in
1058 746 1276 786 custodiam
1307 744 1424 783 datus
1456 750 1537 782 est:
1567 756 1615 783 ex
1635 755 1715 793 qua

260 819 351 845 cum
370 806 568 854 evasisset,
588 807 827 858 aliquamdiu
847 807 1052 854 oberravit,
1074 808 1200 846 donec
1220 806 1377 845 tandem
1397 805 1571 844 Athe'nas
1590 804 1717 845 redire

262 881 378 909 ausus
408 875 480 917 est,
500 869 680 908 restituto
707 868 856 919 pridem
884 869 1064 920 populari
1096 867 1269 919 imperio.
1325 867 1423 905 Cum
1445 878 1538 904 vero
1557 864 1717 909 decreto

262 929 401 985 populi
419 936 614 969 arceretur
632 943 656 968 a
675 930 776 977 foro,
796 930 1028 982 Prytanibus
1056 929 1220 981 pecunia
1247 928 1339 968 data
1371 928 1577 979 persuasit,
1605 931 1649 966 ut
1675 939 1718 969 se

263 991 305 1030 in
322 991 551 1031 concionem
581 991 710 1031 venire
742 998 981 1044 paterentur.
1036 991 1115 1030 Sed
1148 991 1233 1030 haec
1264 1003 1327 1030 res
1355 989 1548 1028 infelicem
1582 988 1720 1029 habuit

263 1053 431 1093 exitum:
463 1053 721 1092 Athenienses
741 1053 858 1100 enim,
879 1066 1064 1092 memores
1082 1051 1360 1104 Psephismatis
1380 1058 1469 1089 ante
1488 1049 1596 1095 facti,
1611 1049 1720 1091 illum

264 1115 303 1152 in
336 1115 510 1154 exsilium
539 1115 798 1167 expulerunt:
829 1116 906 1155 vid.
929 1115 1061 1167 Lysias
1080 1128 1119 1167 p.
1140 1118 1233 1153 105.
1254 1128 1288 1152 v.
1308 1117 1375 1154 32.
1396 1126 1523 1164 seqq„
1542 1111 1720 1155 Pseudo-

265 1175 501 1214 Plutarchus
520 1183 558 1215 et
578 1176 735 1215 Photius
755 1177 794 1215 ll.
815 1190 875 1216 cc.
932 1177 978 1215 In
999 1176 1117 1227 hujus
1136 1180 1264 1214 autem
1285 1188 1413 1215 causae
1433 1173 1718 1225 disceptatione

265 1237 436 1276 habitam
450 1251 536 1277 esse
555 1237 770 1276 orationem
789 1241 870 1289 περὶ
887 1248 951 1284 τῆς
969 1238 1099 1276 ἑαυτοῦ
1119 1236 1278 1276 καθόδου
1299 1236 1400 1275 infra
1413 1236 1580 1287 probare
1600 1247 1719 1273 cona-

266 1299 410 1338 bimur.
440 1299 502 1338 De
516 1299 729 1352 Prytanum
748 1300 788 1337 in
803 1299 968 1338 comitiis
989 1311 1144 1338 munere
1158 1297 1309 1349 egregie
1325 1296 1505 1335 disseruit
1515 1296 1586 1334 Vir
1601 1295 1721 1341 Clar.‚

266 1360 330 1398 cui
349 1374 497 1399 summa
516 1373 683 1412 quaeque
704 1361 846 1410 debe0‚
871 1360 930 1400 10.
954 1360 1144 1400 Luzacius
1165 1359 1372 1411 Disquisit.
1397 1358 1446 1397 de
1471 1356 1659 1408 Epistatis
1679 1364 1720 1395 et

267 1421 447 1461 Proedris
471 1423 613 1462 Athen.
634 1423 672 1462 in
692 1424 840 1462 Annot.
869 1422 919 1461 ad
952 1423 1064 1461 Orat.
1095 1421 1144 1460 de
1166 1422 1330 1460 Socrate
1349 1419 1445 1458 Cive
1465 1433 1505 1470 p.
1525 1422 1590 1458 92.
1609 1431 1722 1469 seqq.

266 1481 496 1534 Δωροδοκίαν
518 1483 594 1523 illis
615 1484 829 1535 exprobrat
842 1484 1128 1535 Aristophanes
1145 1482 1185 1523 in
1204 1482 1309 1523 Pace
1322 1495 1358 1521 v.
1378 1485 1472 1521 905.
1491 1492 1602 1533 seqq.

531 1582 639 1620 Ἀλλ’
657 1577 685 1619 ὦ
703 1579 926 1633 Πρυτάνεις,
947 1579 1103 1634 δέχεσθε
1123 1582 1190 1626 τὴν
1208 1578 1391 1630 Θεωρίαν·

522 1641 599 1680 '¹18'
617 1645 666 1686 ὡς
682 1645 876 1695 προθύμως
893 1644 912 1680 ὁ
930 1642 1123 1694 Πρύτανις
1138 1639 1372 1691 παρεδέξατο·

532 1705 640 1742 Ἀλλ’
657 1706 721 1742 οὒκ
740 1705 791 1742 ἂν
810 1705 841 1743 εἰ’
862 1721 897 1742 τι
913 1710 1047 1756 προῖκα
1063 1705 1327 1754 προσαγαγεῖν
1348 1701 1380 1740 α’
1396 1699 1480 1738 ἔδει·

532 1767 640 1805 Ἀλλ’
659 1764 764 1817 εὗρον
784 1765 831 1804 ἄν
852 1767 884 1804 σ’
898 1766 1091 1817 ὑπέχοντα
1106 1767 1174 1811 τὴν
1187 1763 1405 1814 ἐκεχειρίαν.

268 1853 511 1904 Thesmoph.
532 1866 569 1891 v.
588 1855 683 1891 943.

525 1937 578 1977 Ὦ
595 1939 778 1990 Πρύτανι,
793 1938 887 1990 πρὸς
906 1944 971 1985 τῆς
991 1937 1123 1984 δεξιᾶς,
1136 1939 1254 1987 ἥνπερ
1272 1938 1393 1988 φιλεῖς

536 2000 683 2048 Κοίλην
701 2003 916 2052 προτείνειν,
936 2001 1113 2051 ἀργύριον
1131 2000 1177 2045 ἥν
1195 1996 1367 2049 τιςῦιὲῷ.

269 2104 361 2142 item
383 2103 517 2156 Lysias
539 2103 644 2155 Epil.
660 2116 697 2143 c.
712 2102 869 2155 Ergocl.
888 2115 929 2154 p.
953 2106 1041 2142 180.
1058 2115 1095 2141 v.
1109 2106 1175 2142 14.
1193 2101 1292 2153 Ὁρῶ
1312 2101 1340 2139 δ’
1359 2100 1724 2148 αὑτοὺς-ὠνουμέ-

270 2182 359 2209 νους
379 2168 446 2209 τὰς
464 2167 586 2204 αὑτῶν
605 2167 736 2217 ψυχάς
756 2166 815 2203 καὶ
832 2167 936 2216 παραὶ
955 2171 1028 2203 τῶν
1048 2167 1255 2214 λεγόντων,
1276 2165 1336 2201 καὶ
1353 2164 1456 2212 παρσῖ
1475 2167 1549 2200 τῶν
1567 2161 1722 2213 ἐχθρῶν,

271 2229 332 2265 καὶ
351 2230 452 2277 παρὰ
473 2235 545 2266 τῶν
565 2227 807 2278 Πρυτάνεων,
822 2228 882 2264 καὶ
900 2227 1067 2270 πολλοὺς
1084 2227 1300 2272 Ἀθηναίων
1315 2226 1475 2276 ἀργυρίῳ
1493 2222 1724 2275 διαφθείρειν.

321 2289 499 2328 Tertium
516 2288 631 2340 igitur
649 2289 756 2328 exsul
776 2288 1002 2336 Andocides
1021 2287 1174 2326 Elidem
1194 2299 1235 2326 se
1256 2285 1430 2337 recepit:
1452 2284 1529 2324 vid.
1551 2282 1725 2322 Pseuod-

271 2349 502 2388 Plutarchus
523 2356 562 2389 et
581 2350 769 2389 Photius:
798 2349 891 2389 dum
918 2349 1076 2388 domum
1097 2349 1199 2387 illius
1219 2347 1367 2387 interea
1387 2345 1590 2385 habitabat
1609 2344 1726 2383 Cleo-

271 2411 393 2461 phon,
415 2417 505 2449 ante
524 2412 690 2462 lyrarum
711 2411 834 2459 faber,
862 2417 943 2450 tum
972 2424 1062 2450 vero
1088 2411 1270 2462 princeps
1290 2408 1616 2458 demagogorum:
1646 2404 1723 2445 vid.

271 2472 428 2510 Antioc.
449 2471 499 2510 de
519 2472 642 2522 Myst.
662 2486 702 2524 p.
723 2477 786 2512 19.
806 2486 843 2513 v.
858 2478 897 2512 8.
926 2472 1026 2512 Cum
1045 2478 1175 2511 autem
1192 2469 1464 2522 Thrasybulus
1485 2467 1616 2506 XXX.
1640 2466 1724 2517 Ty-

272 2546 414 2572 rannos
433 2533 644 2585 expulisset
663 2534 839 2580 Athenis,
861 2533 1086 2573 Andocides
1107 2546 1266 2584 quoque
1286 2531 1424 2572 rediit:
1454 2529 1531 2568 vid.
1552 2527 1726 2568 Pseudo·

272 2594 506 2635 Plutarchus
526 2601 565 2633 et
583 2594 759 2634 Photius.
815 2597 999 2634 Attamen
1015 2595 1098 2647 ipse
1119 2596 1206 2634 illos
1225 2595 1266 2633 in
1285 2589 1552 2643 recuperanda
1568 2589 1726 2630 civitate

273 2669 351 2696 non
372 2656 536 2707 adjuvit,
556 2670 683 2707 neque
702 2657 740 2695 in
762 2657 951 2696 Piraeeum
971 2657 1021 2696 ad
1041 2670 1106 2696 eos
1127 2655 1327 2707 pervenit:
1355 2653 1451 2692 dicit
1470 2651 1572 2691 enirn
1598 2664 1638 2702 p.
1656 2655 1724 2693 17.

272 2731 309 2756 v.
330 2723 395 2760 17.
416 2732 456 2758 se
476 2732 523 2758 ex
545 2719 677 2770 Cypro
697 2719 871 2758 Athenas
892 2719 1070 2757 rediisse:
1102 2716 1204 2756 unde
1234 2715 1326 2756 mihi
1350 2714 1503 2754 videtur
1522 2712 1634 2752 Elide
1653 2712 1724 2753 du-

274 2779 460 2820 micilium
481 2780 674 2826 habuisse,
695 2787 732 2818 el
755 2780 844 2818 hinc
866 2786 1094 2818 mercaturae
1111 2790 1229 2818 causa
1256 2777 1350 2816 alias
1370 2776 1514 2815 obiisse
1531 2774 1724 2826 regiones,

273 2848 312 2880 et
331 2855 420 2880 cum
439 2841 594 2893 Cypriis
613 2841 776 2880 maxime
791 2840 972 2880 habuisse
992 2839 1236 2879 commercia.
1294 2838 1510 2878 Verisimile
1536 2836 1638 2876 enim
1665 2840 1726 2874 est

273 2902 378 2940 illum
399 2915 486 2941 cum
512 2902 630 2953 Cypri
650 2903 806 2954 regibus
826 2901 985 2941 rediisse
1004 2902 1041 2940 in
1059 2902 1234 2951 gratiam,
1257 2899 1440 2951 quoniam
1461 2899 1532 2937 Or.
1553 2896 1602 2935 de
1625 2896 1722 2935 Red.

275 2976 314 3013 p.
327 2968 393 3004 22.
411 2977 445 3003 v.
464 2969 527 3006 17.
543 2964 640 3005 dicit
659 2979 698 3004 se
717 2964 906 3011 effecisse,
928 2970 970 3002 ut
988 2978 1035 3004 ex
1049 2964 1183 3015 Cypro
1204 2961 1437 3002 frumentum
1455 2959 1723 3002 adveheretur,
