1878 3272
322 213 402 256 DE
432 212 825 256 ANTIPHONTE
856 212 1031 255 ORAT.
1064 209 1299 253 ATTICO.
1478 209 1528 251 15

88 317 190 358 blica
203 320 535 360 condemnationis
547 320 849 370 formula,quam
865 332 912 357 ex
928 317 1103 365 Caecilio,
1121 329 1260 368 magno
1277 315 1392 366 hujus
1407 315 1529 354 histo-

87 380 153 417 riae
174 381 290 428 bono,
316 382 559 421 conservavit
589 380 834 426 Plutarchus,
858 379 1060 418 damnatus
1080 379 1236 424 dicitur,
1271 377 1377 428 quod
1410 377 1528 416 exitio

85 441 310 492 reipublicae
338 444 485 493 legatus
511 443 559 481 ad
594 441 905 480 Lacedaemonios
940 440 1137 490 profectus
1157 445 1272 484 esset,
1293 445 1332 476 et
1353 452 1373 477 e
1392 439 1530 476 castris

86 503 172 540 navi
192 503 317 542 hostili
335 504 508 554 abiisset,
538 510 575 542 et
606 516 674 554 per
705 503 915 541 Deceleam
935 501 1008 539 iter
1026 507 1204 539 terrestre
1224 500 1393 549 fecisset,
1411 508 1529 551 atque

87 562 184 601 adeo
221 564 385 615 patriam
424 577 530 602 suam
569 563 816 615 prodidisset.
874 563 992 601 Poena
1029 561 1102 612 ipsi
1140 562 1252 611 longe
1290 561 1531 599 atrocissima

86 625 296 664 constituta
315 632 387 672 est,
409 631 450 664 ut
471 626 649 665 undecim
670 626 759 664 viris
778 624 1008 669 traderetur,
1038 625 1138 662 bona
1168 623 1253 673 ejus
1284 624 1530 674 publicaren-

88 691 163 730 tur,
184 685 286 724 :edes
314 687 396 725 solo
415 693 676 738 aequarentur,
697 686 810 725 titulo
829 685 973 724 aedium
1007 686 1045 723 in
1081 698 1170 723 area
1203 685 1346 735 posite,
1381 686 1532 723 ANTI-

87 746 326 786 PHONTIS
356 749 707 796 PRODITORIS,
744 755 788 787 ut
819 761 946 799 neque
982 747 1158 794 Athenis,
1196 760 1323 798 neque
1361 748 1398 785 in
1432 755 1532 786 terra

86 807 219 847 Attica
235 809 475 860 sepeliretur,
496 816 537 848 ut
557 823 633 848 non
651 810 765 848 modo
782 810 865 859 ipse
879 808 1031 847 infamis
1045 814 1162 854 esset,
1181 808 1247 846 sed
1265 821 1400 846 omnes
1416 809 1533 847 etiam

83 881 132 905 ex
165 882 212 906 eo
243 869 334 915 nati,
369 871 446 909 sive
487 870 646 921 legitimi
678 877 822 916 essent,
854 869 934 908 sive
964 869 1103 920 spurii,
1126 875 1168 907 ut
1198 869 1354 906 infamia
1375 882 1533 920 quoque

86 936 298 976 notaretur,
339 932 408 982 qui
449 944 566 982 quem
615 937 859 983 posterorum
907 931 1161 982 Antiphontis
1199 930 1415 981 adoptaret.
1474 931 1535 969 De

87 1004 212 1044 poenae
231 1006 370 1043 genere
391 993 486 1032 nihil
508 993 626 1032 habet
645 993 910 1044 Thucydides,
942 992 1140 1031 forterem
1171 991 1269 1030 adeo
1298 999 1466 1030 atrocem
1487 992 1536 1030 de

88 1053 274 1092 industria
293 1054 444 1093 silentio
481 1054 795 1105 praetermittens,
826 1061 870 1092 ut
901 1054 1081 1104 magistro
1112 1053 1211 1091 bene
1245 1053 1293 1091 de
1326 1067 1366 1092 se
1400 1053 1536 1092 merito

87 1115 380 1167 gratificaretur.
438 1116 538 1160 Quae
568 1115 778 1167 probabilis
813 1122 872 1154 est
899 1116 1127 1165 conjectura
1147 1115 1364 1153 Marcellini
1392 1116 1429 1153 in
1461 1116 1538 1154 vita

86 1178 264 1230 Thucyd.
278 1191 318 1229 p.
330 1182 368 1216 4.
390 1178 447 1217 ὅτι
465 1178 502 1216 δὲ
520 1181 612 1230 μετὰ
624 1176 688 1216 τὸν
702 1176 869 1216 θάνατον
888 1180 1151 1229 τιμωρούμενοι
1171 1177 1235 1215 τὸν
1249 1178 1489 1230 Ἀντιφῶντα
1504 1179 1539 1215 οἶ

83 1239 282 1287 Ἀθηναῖοι
299 1238 455 1290 ἕῤῥιψαν
473 1239 536 1286 ’ἔξω
555 1248 621 1286 τῆς
640 1240 784 1282 πόλεως
804 1239 844 1277 τὸ
866 1245 986 1290 σῶμα,
1005 1243 1243 1285 σεσιώπηκεν,
1263 1242 1313 1282 ὡς
1332 1239 1539 1291 διδασκάλῳ

87 1303 344 1354 χαριζόμενος.
374 1300 441 1345 ubi
472 1302 673 1351 sequentia
702 1300 833 1346 verba,
862 1306 1046 1350 tanquam
1068 1300 1200 1339 inutile
1221 1299 1539 1347 additamentum,

88 1362 322 1401 resecanda:
351 1365 503 1412 λέγεται
523 1365 595 1413 γὰρ
615 1366 664 1406 ὡς
684 1362 841 1414 ἐ’ῤῥιψαν
861 1364 974 1400 αὑτοῦ
998 1363 1038 1401 τὸ
1068 1369 1176 1414 σῶμα
1207 1364 1242 1401 οἷ
1273 1362 1470 1410 Ἀθηναῖοι
1490 1368 1539 1407 ὡς

88 1424 209 1462 αἰτίου
245 1434 310 1470 τῆς
340 1423 556 1476 μεταβολῆς
595 1434 660 1471 τῆς
691 1424 949 1475 δημοκρατίας.
1008 1424 1158 1470 Oratio,
1194 1437 1272 1474 qua
1303 1438 1342 1462 se
1365 1424 1540 1463 defendit

88 1486 304 1536 Antiphon,
326 1485 470 1524 dicitur
487 1489 567 1536 περὶ
584 1486 857 1537 μεταστάσεως,
880 1485 904 1524 i.
921 1499 955 1524 e.
971 1485 1017 1525 de
1036 1487 1253 1525 mutatione
1272 1491 1400 1524 status
1415 1499 1541 1537 popu-

89 1548 188 1586 laris
219 1549 261 1584 in
288 1546 544 1599 oligarchiam
574 1548 962 1598 Quadringentorum
992 1548 1173 1585 virorum.
1195 1547 1482 1597 Harpocration
1503 1561 1539 1587 v.

88 1609 314 1656 Στασιὼτης.
354 1610 539 1661 Ἀντιφῶν
570 1611 612 1647 ἐν
641 1612 689 1660 τῷ
709 1611 787 1657 περὶ
802 1610 1076 1660 μεταστάσεως·
1107 1611 1189 1660 περὶ
1208 1613 1335 1647 τοίνυν
1354 1606 1405 1647 ὧν
1421 1610 1541 1647 Ἀπό-

89 1673 191 1717 ληξις
219 1672 477 1721 κατηγόρηκεν,
499 1671 518 1707 ὁ
539 1675 744 1716 στασιώτης
762 1669 808 1715 ἦν
833 1670 922 1719 ἐγὼ,
943 1671 1036 1707 καὶὸ
1054 1670 1208 1713 πάππος
1228 1672 1247 1707 ὁ
1267 1670 1354 1722 ἐμὸς
1373 1676 1449 1708 etc.
1473 1670 1539 1708 ubi

91 1732 140 1769 H.
163 1731 353 1778 Valesius,
385 1731 454 1768 Vir
493 1744 669 1781 magnus,
714 1731 872 1781 corrigit
901 1729 930 1783 ᾦ
959 1731 1019 1769 vel
1056 1730 1097 1769 οὗ
1129 1734 1335 1778 στασιώτης
1367 1731 1414 1777 ἧν
1448 1732 1532 1781 ἐγώ.

89 1794 239 1840 Malim,
259 1793 314 1831 ὅτι
336 1797 541 1839 στασιώτης
561 1795 608 1830 ἂν
623 1792 670 1838 ἦν
689 1793 777 1841 ἐγώ.

142 1855 220 1894 Sed
238 1862 444 1905 antequam
465 1855 553 1892 hinc
579 1855 837 1900 discedamus,
860 1855 1091 1893 excutienda
1112 1861 1200 1893 sunt
1222 1855 1403 1906 quaedam
1435 1862 1539 1894 vete—

89 1931 172 1956 rum
194 1917 426 1968 scriptorum
448 1916 546 1961 loca,
568 1930 656 1967 quae
684 1917 869 1955 hactenus
896 1917 1103 1968 disputatis
1125 1931 1200 1955 non
1222 1918 1312 1956 satis
1333 1919 1540 1956 convenire

89 1981 306 2018 videantur.
371 1978 778 2016 Pseudo-Plutarchus
810 1993 858 2016 ex
888 1979 1015 2029 Lysiae
1049 1978 1223 2017 oratione
1253 1979 1471 2030 deperdita,
1501 1986 1541 2018 et

91 2042 354 2092 Theopompo
370 2040 498 2086 refert,
513 2039 795 2090 Antiphontem
817 2040 889 2077 sub
907 2040 1062 2090 triginta
1074 2041 1280 2091 Tyrannis‚
1298 2041 1366 2091 qui
1381 2041 1543 2092 Olymp.

92 2103 238 2150 XCIV,
258 2107 296 2140 2.
328 2100 528 2140 constituti
554 2108 657 2147 sunt,
679 2102 817 2152 capitis
849 2101 1073 2140 damnatum
1101 2115 1196 2139 esse.
1253 2103 1294 2139 Si
1320 2103 1445 2155 Lysiae
1475 2103 1541 2140 illa

90 2165 270 2211 oratio,et
282 2162 527 2213 Theopompi
542 2161 701 2201 historia
715 2170 896 2210 exstaret,
909 2164 1048 2202 certius
1063 2163 1135 2200 hac
1149 2163 1197 2200 de
1214 2164 1431 2213 rejudicari
1448 2178 1540 2215 pos-

90 2232 160 2265 set.
191 2226 326 2276 Lysias
347 2224 504 2275 quidem
526 2223 564 2261 in
591 2225 780 2271 oratione,
811 2238 899 2275 quae
929 2231 1120 2275 superest,
1147 2225 1249 2263 Adv.
1272 2226 1469 2264 Eratostli.
1500 2241 1539 2278 p.

91 2291 183 2326 216.
229 2287 512 2337 Antiphontem
529 2292 670 2332 narrat,
690 2299 710 2323 a
726 2287 889 2337 populo,
908 2292 996 2337 post
1018 2287 1234 2324 libertatem
1256 2295 1539 2338 recuperatam,

90 2349 390 2387 condemnatum
416 2361 512 2393 esse,
539 2347 717 2398 adeoque
744 2348 837 2385 nihil
863 2348 972 2394 dicit,
999 2348 1103 2398 quod
1132 2349 1368 2400 Thucydidi,
1389 2356 1428 2387 et
1449 2351 1538 2388 Μο-

90 2416 275 2449 numento
295 2410 470 2460 publico,
493 2422 610 2461 supra
633 2423 654 2447 a
675 2410 785 2447 nobis
809 2409 980 2455 laudato,
1000 2411 1115 2460 cujus
1140 2424 1286 2448 summa
1315 2411 1434 2450 debet
1454 2426 1537 2450 esse

90 2473 314 2517 auctoritas,
336 2470 572 2510 adversetur.
630 2471 832 2522 Antiphon
854 2472 984 2522 igitur,
1006 2473 1072 2522 qui
1101 2472 1172 2509 sub
1192 2473 1346 2522 triginta
1368 2474 1538 2523 tyrannis

91 2534 217 2586 periit,
233 2534 402 2571 diversus
422 2533 494 2571 fuit
507 2534 556 2571 ab
574 2533 815 2583 Antiphonte
834 2533 1094 2571 Rhamnusi0:
1126 2534 1231 2583 quod
1252 2534 1427 2584 etipsum
1450 2535 1537 2572 Plu-

91 2596 226 2634 tarcho
240 2594 440 2633 commode
461 2595 498 2632 in
521 2602 684 2633 mentem
706 2595 822 2634 venit.
880 2594 1122 2644 Adjiciamus
1142 2596 1226 2644 ejus
1246 2596 1363 2633 verba
1384 2610 1428 2634 ex
1451 2597 1537 2647 pul-

91 2656 279 2694 cherrima
293 2656 563 2694 emendatione
577 2655 738 2707 Taylori
756 2655 931 2694 Lection.
948 2656 1099 2707 Lysiae.
1114 2671 1149 2696 c.
1162 2657 1253 2694 VII.
1270 2659 1356 2694 ἀλλ’
1370 2656 1474 2699 οὗτός
1494 2674 1538 2706 γε

90 2719 208 2763 ἂνεῖη
227 2717 359 2767 ἕτερος,
378 2717 636 2756 Λυσιδωνίδου
654 2718 807 2766 πατρός·
823 2716 864 2755 οὗ
883 2717 1070 2768 Κρατῖνος
1089 2718 1129 2755 ἐν
1151 2718 1291 2773 Πυτίνῃ
1310 2722 1358 2761 ὡς
1378 2724 1537 2768 πονηροῦ

91 2782 320 2830 μνημονεύει.
383 2779 541 2826 Verum,
582 2791 628 2817 ne
665 2778 760 2829 quid
797 2778 1097 2825 dissimulemus,
1126 2779 1383 2817 Theramenes
1421 2780 1534 2818 etiam

91 2839 195 2891 apud
208 2839 456 2889 Xenophont.
487 2840 642 2878 Hellen.
660 2841 714 2877 ΙΙ.
735 2853 774 2891 p.
787 2845 877 2880 467.
908 2840 1160 2891 Antiphontis
1174 2841 1533 2880 condemnationem

93 2899 293 2939 manifeste
312 2900 446 2938 tribuit
474 2900 632 2951 triginta
656 2901 872 2951 Tyrannis:
902 2904 1004 2940 ἀλλὰ
1030 2904 1103 2952 μὴν
1124 2903 1182 2937 καὶ
1207 2902 1458 2954 Ἀντιφῶντος
1478 2905 1537 2954 ὑφ’

91 2963 192 3014 ὑμῶν
209 2963 490 3012 ἀπολλυμένου,
515 2963 556 3006 ὃς
581 2963 622 3002 ἐν
647 2965 697 3014 τῷ
716 2965 864 3015 πολέμῳ
889 2962 950 3001 δύο
969 2964 1121 3013 τριήρεις
1141 2960 1180 2999 εὖ
1199 2963 1386 3007 πλεούσας
1410 2964 1538 3014 παρεί-
