1818 3189
305 197 386 240 190
772 195 807 237 Ι.
837 195 964 238 ΟΤΤ.
1005 194 1281 237 SLUITERI

301 303 384 342 mili
401 303 530 354 potius
550 306 590 340 et
608 300 768 352 ignobili
790 315 906 351 quam
926 301 1076 350 illustri,
1097 315 1145 340 ex
1163 314 1203 353 p.
1223 304 1287 340 33.
1308 302 1340 339 εἰ
1359 299 1412 337 δεῖ
1431 302 1528 342 κατ-οἰ,
1553 302 1660 349 γένος
1678 303 1754 350 (καὶ

302 366 343 404 τὸ
377 367 485 414 γένος
518 363 670 414 Steph.)
701 369 860 412 σκοπεῖν,
892 364 972 415 ἐμοὶ
1000 364 1070 416 μὲν
1097 361 1306 412 οὐδαμόθεν
1335 363 1506 411 προσῆκει
1537 363 1663 401 τούτου
1689 368 1754 401 τοῦ

303 428 547 478 πράγματος;
577 431 696 476 atque
727 426 830 464 illam
861 433 992 465 notam
1026 427 1065 464 in
1090 427 1298 464 *Phaeacem
1331 424 1511 463 transfert
1531 437 1571 475 p.
1591 428 1683 463 695.
1701 426 1750 463 B.

304 493 315 509 ‘
335 488 479 526 Phaeax
500 486 584 539 (ait)
606 487 826 526 Erasistrati
847 501 971 536 neque
986 488 1102 526 domo
1121 487 1333 525 admodum
1354 485 1492 524 nobilis
1513 491 1607 532 erat,
1627 499 1752 534 neque
1792 486 1797 489 '

305 548 518 598 majoribus
549 540 689 590 clarus.
744 550 855 587 Gens
888 549 1109 587 Erasistrati
1139 549 1284 586 nullam
1315 548 1351 585 in
1383 547 1579 584 veteribus
1611 547 1754 585 Monu-

304 611 446 648 mentis
468 609 697 660 dignitatem
715 617 925 649 consecuta
944 617 1024 655 est;
1055 610 1200 660 primus
1229 610 1328 647 illam
1350 608 1571 646 nobilitavit
1589 608 1758 646 Phaeax.’

304 696 358 703 —
371 671 449 710 Sed
471 675 527 709 1⁰.
545 672 655 710 Nihil
672 673 797 710 minus
818 672 914 711 dicit
935 673 1098 710 Orator:
1120 674 1151 709 εἰ
1171 671 1222 709 δεῖ
1242 673 1302 708 καὶ
1320 674 1413 708 κατὰ
1435 672 1544 719 γένος
1561 669 1632 719 (sic
1651 669 1755 720 lego)

307 739 467 773 σκοπεῖν.
524 737 535 754 ‘
552 734 594 772 Si
613 748 685 784 ego
705 741 744 772 et
762 734 986 772 Alcibiades
1007 734 1219 772 secundum
1239 746 1357 783 genus
1378 745 1506 769 sumus
1533 731 1757 781 judicandi,

305 795 397 833 mihi
425 794 500 833 hoc
519 795 671 834 minime
691 796 883 834 convenit.
938 796 1066 834 Nemo
1085 797 1183 833 enim
1215 806 1388 832 meorum
1415 793 1657 831 Ostracismo
1684 792 1759 830 fuit

306 856 480 906 ejectus;
511 856 711 895 Alcibiadi
729 870 820 894 vero
840 857 1016 902 maxime,
1037 856 1149 906 cujus
1168 869 1261 894 avus
1283 863 1444 904 uterque
1464 854 1523 892 bis
1543 853 1658 891 fuerit
1676 852 1756 902 eje-

305 925 391 958 ctus
423 920 690 958 Ostraeism0.’
746 924 800 958 2⁰.
820 920 955 958 Nobili
975 934 1113 970 genere
1135 920 1206 958 fuit
1234 920 1377 957 Pbaeax
1403 917 1639 956 Erasistrati.
1661 917 1756 955 Plu-

305 981 462 1019 tarchus
483 994 522 1031 p.
542 985 633 1020 196.
651 982 696 1020 Ε.
715 981 861 1019 Φαίακα
881 986 1073 1033 γνωρίμων
1094 982 1185 1020 ὄντα
1205 984 1386 1030 πατέρων.
1424 978 1682 1017 scribendum
1703 979 1756 1017 ob

307 1044 520 1092 sequentia,
538 1047 737 1095 γνωρίμων
756 1043 825 1094 μὲν
845 1044 937 1082 ὄντα
952 1046 1133 1095 πατέρων.
1172 1044 1213 1081 Si
1233 1056 1310 1081 non
1325 1041 1454 1079 nobile
1470 1040 1607 1078 fuisset
1621 1053 1755 1092 genus,

305 1103 452 1142 Phaeax
465 1104 577 1142 istam
597 1104 928 1155 comparationem
949 1105 1150 1143 instituere
1170 1117 1246 1142 non
1266 1105 1473 1155 potuisset.
1529 1101 1636 1139 Nulli
1655 1102 1756 1140 enim

307 1165 380 1204 nisi
396 1165 625 1204 nobilissimi
643 1166 747 1204 cives
766 1166 1026 1215 ejiciebantur
1041 1166 1295 1205 Ostracismo.
1351 1165 1547 1202 Praeterea
1563 1163 1602 1201 in
1622 1170 1680 1202 tot
1697 1177 1758 1202 re-

307 1227 440 1277 giones
458 1227 605 1277 legatus
621 1227 758 1265 missus
771 1241 849 1265 non
870 1227 1019 1266 fuisset.
1058 1228 1176 1278 Apud
1198 1228 1315 1276 Diog.
1336 1226 1465 1263 Laert.
1482 1225 1550 1262 lib.
1563 1225 1617 1264 ΙΙ.
1638 1239 1756 1276 segm-

306 1292 372 1327 63.
386 1294 458 1334 est,
478 1291 528 1331 ὡς
545 1288 656 1334 δῆλον
675 1290 713 1327 ἐκ
732 1299 796 1335 τῆς
817 1292 1029 1339 ἀπολογίας
1048 1296 1111 1328 τοῦ
1125 1290 1263 1340 πατρὸς
1277 1288 1439 1330 Φαίακος
1452 1294 1516 1325 τοῦ
1531 1295 1755 1338 στρατηγοῦ,

308 1362 426 1400 quam
447 1350 642 1401 scripserit
662 1352 862 1389 AEschines
885 1352 1148 1392 Socraticus.⁷'

363 1416 388 1434 “
409 1413 500 1450 111⁰.
531 1413 726 1463 Taylorus
745 1412 898 1452 tertiam
928 1421 1058 1453 notam
1086 1416 1198 1465 ponit
1217 1416 1255 1453 in
1276 1416 1363 1454 loco
1382 1429 1420 1466 p.
1442 1419 1507 1454 34.
1529 1428 1564 1454 v.
1583 1418 1649 1454 23.
1678 1425 1758 1464 quo

308 1473 406 1511 dicit
426 1474 571 1511 Orator
589 1474 757 1524 legatum
779 1489 819 1512 se
839 1475 995 1513 missum
1021 1476 1060 1513 in
1087 1476 1338 1524 Thessaliam,
1359 1476 1646 1522 Macedoniam,
1667 1476 1757 1514 Mo-

307 1536 464 1583 lossida,
485 1537 769 1587 Tbesproffiam,
789 1537 953 1583 Italiam,
977 1538 1170 1576 Siciliam:
1199 1540 1282 1582 τοὺς
1299 1541 1383 1590 μὲν,
1403 1539 1470 1584 ait,
1490 1538 1683 1591 διαφόρους
1697 1536 1758 1575 ὄν-

306 1614 376 1641 τας
396 1597 592 1644 διήλλαξα,
613 1600 698 1642 τοὺς
718 1598 744 1636 δ’
760 1599 980 1645 ἐπιτηδείους
999 1600 1168 1647 ἐποίησα.
1205 1602 1292 1639 Jam
1309 1614 1398 1639 vero
1413 1600 1529 1638 docet
1543 1613 1564 1637 e
1580 1597 1758 1649 Thucyd.

304 1659 372 1697 lib.
394 1661 445 1698 V.
465 1673 555 1710 cap.
576 1666 614 1699 4.
635 1661 839 1699 Phaeacem
860 1675 947 1699 cum
979 1662 1132 1700 duobus
1155 1662 1326 1713 Collegis
1359 1676 1460 1700 anno
1488 1661 1574 1699 belli
1606 1660 1758 1699 decimo

306 1721 464 1759 missum
485 1722 650 1772 legatum
680 1723 718 1760 in
738 1723 890 1761 Italiam
909 1730 947 1762 et
967 1724 1150 1771 Siciliam,
1169 1727 1244 1762 ἀεὶ.
1301 1725 1402 1770 Hoc,
1425 1724 1560 1769 fateor,
1581 1721 1752 1774 speciem

306 1782 426 1821 habet
441 1783 568 1833 primo
581 1784 772 1834 adspectu
794 1798 982 1835 magnam.
1022 1786 1166 1824 Verum
1184 1786 1300 1824 sensit
1315 1787 1399 1836 ipse
1412 1786 1602 1837 Taylorus
1614 1797 1653 1835 p.
1665 1787 1758 1823 694.

308 1844 354 1881 Β.
371 1844 507 1882 obesse
529 1858 608 1882 suae
634 1844 872 1894 conjecturae
895 1847 1024 1884 locum
1060 1847 1190 1898 Lysiae
1219 1860 1257 1897 p.
1278 1851 1369 1886 106.
1399 1847 1449 1884 de
1476 1845 1682 1884 Andocide
1701 1845 1761 1883 di—

307 1905 455 1943 centis:
485 1905 665 1958 ἕιώχληκε
685 1910 810 1950 πόλεις
835 1910 982 1950 πολλάς
1002 1909 1042 1945 ἐν
1067 1913 1111 1962 τῇ
1130 1908 1333 1959 ἀποδημίᾳ,
1365 1907 1550 1953 Σικελίαν,
1581 1907 1763 1952 Ἰταλίαν,

306 1965 614 2013 Πελοπόννησον,
646 1971 870 2014 Θετταλίαν,
891 1969 1192 2015 Ἑλλήσποντον,
1212 1970 1375 2015 Ἰωνίαν,
1397 1969 1562 2020 Κύπρον.
1619 1968 1762 2006 Dicere

308 2028 436 2078 potuit
455 2028 682 2079 legationem
706 2029 838 2080 Lysias
858 2030 1044 2068 invidiose
1065 2030 1290 2078 ἀποδημίαν.
1349 2030 1435 2068 Nisi
1454 2030 1622 2081 publicis
1643 2043 1684 2068 se
1704 2043 1761 2067 re-

310 2089 383 2126 bus
399 2089 665 2127 immiscuisset
688 2091 746 2128 his
767 2091 804 2128 in
824 2092 1045 2141 regionibus
1064 2092 1302 2137 Andocides,
1325 2091 1521 2142 quomodo
1536 2091 1615 2130 dici
1631 2090 1761 2142 potuit

309 2150 395 2188 illas
416 2151 690 2202 διωχληκέναιέ
721 2153 819 2190 Mihi
839 2153 923 2191 haec
945 2153 1122 2191 videntur
1142 2154 1180 2191 in
1204 2161 1377 2191 nostrum
1398 2166 1622 2203 congruere.
1652 2153 1763 2197 Quot

310 2225 387 2250 non
408 2213 621 2263 legationes
642 2214 716 2252 hoc
739 2214 840 2252 bello
867 2216 917 2253 ab
948 2216 1251 2254 Atheniensibus
1272 2216 1424 2253 missae?
1474 2216 1580 2254 AEtas
1600 2215 1759 2265 quidem

310 2273 484 2312 Phaeacis
504 2274 620 2326 legati
642 2276 745 2313 missi
769 2284 809 2313 et
839 2277 1053 2315 Alcibiadis
1084 2277 1134 2315 ad
1165 2279 1304 2327 Remp.
1326 2277 1545 2315 accedentis
1564 2290 1641 2314 non
1660 2277 1762 2314 male

311 2342 543 2385 congruunt.
600 2337 714 2374 Anno
735 2336 827 2373 belli
848 2337 999 2375 decimo
1026 2338 1165 2375 missus
1194 2339 1337 2375 Phaeax
1357 2338 1526 2388 legatus;
1558 2337 1763 2375 undecimo

310 2395 534 2435 Alcibiades
568 2397 748 2435 innotuit.
805 2399 1050 2449 Incipiebant
1080 2406 1208 2437 tamen
1236 2406 1382 2437 tantum
1409 2406 1571 2446 uterque
1596 2399 1763 2436 auctori-

311 2463 391 2495 tate
411 2457 560 2496 florere.
619 2459 736 2509 Apud
765 2459 1015 2498 Plutarchum
1045 2467 1126 2498 est:
1155 2461 1299 2499 Φαίακα
1319 2483 1370 2487 -
1389 2461 1602 2510 ἀρχόμενον
1625 2460 1762 2511 (ὥσπερ

312 2519 441 2568 αὐτὸς)
458 2520 679 2566 αὐξάνεσθαι
699 2524 793 2559 τότε.
850 2522 900 2558 At
917 2535 1006 2559 vero
1023 2529 1103 2559 tum
1123 2521 1310 2572 temporis
1323 2521 1502 2571 cognitus
1517 2520 1598 2569 jam
1616 2519 1762 2558 dudum

312 2580 350 2618 in
371 2581 470 2632 Rep.
492 2580 717 2619 Andocides
744 2582 972 2632 legationem
1000 2583 1166 2628 obierat,
1195 2589 1313 2633 atque
1344 2582 1381 2619 in
1407 2581 1492 2619 foro
1520 2581 1650 2620 dicere
1669 2595 1764 2620 con-

314 2642 527 2681 sueverat.''

366 2709 391 2725 “
414 2705 500 2742 1V0.
533 2705 577 2742 ln
599 2718 677 2755 quo
698 2706 850 2744 tandem
880 2719 1009 2745 arcem
1039 2720 1187 2746 caussae
1207 2706 1374 2744 collocat
1399 2705 1586 2756 Taylorus
1607 2719 1646 2755 p.
1667 2709 1759 2753 695,

310 2770 404 2804 696.
429 2767 662 2804 levissimum
681 2774 739 2805 est
753 2776 1019 2817 argumentum
1034 2776 1072 2806 et
1088 2768 1199 2806 tacile
1216 2767 1338 2805 refelli
1354 2773 1497 2817 potest.
1531 2766 1761 2805 Plutarchus

310 2840 349 2876 p.
371 2832 460 2867 196.
482 2829 526 2866 E.
548 2829 622 2866 ait:
653 2828 840 2878 Φερεται
823 2830 858 2867 οὲ
879 2833 936 2867 καὶ
954 2832 1070 2879 λόγος
1089 2848 1144 2874 τις
1164 2846 1229 2867 κατ
1265 2827 1510 2876 Ἀλκιβιάδου
1528 2844 1587 2866 και
1603 2828 1764 2872 Φαίακος

311 2893 586 2941 γεγραμμένος,
607 2891 646 2927 ἐν
674 2887 700 2928 ὦ
725 2895 817 2943 μετά
847 2899 919 2929 τῶν
948 2892 1077 2930 ἄλλων
1103 2893 1317 2941 γέγραπται
1344 2906 1400 2927 και
1426 2889 1494 2935 ὅτι,
1530 2900 1594 2935 τῆς
1623 2892 1763 2932 πόλεως

308 2954 433 2989 πολλὰ
466 2958 628 3003 πομπεῖα
666 2959 791 3003 χρυσᾶ
824 2969 882 2991 και
914 2956 1058 3005 αργυρᾶ
1089 2953 1260 3003 κεκτημέι
1265 2970 1320 2999 ης,
1354 2950 1549 2998 Λλκιβιαι
1552 2969 1594 2998 ης
1632 2953 1762 3003 ἐχρῆτο
