1818 3189
248 190 368 233 xlviii
609 185 965 230 RUHNKENII
998 185 1152 230 HlST.
1187 186 1344 230 CRIT.

245 308 424 354 κρατικῶν
451 302 632 341 ἁπάντων
656 300 760 353 οἶμαι
785 303 922 350 λέγων.
941 306 1048 340 τοῦτο
1068 300 1146 352 γάρ
1166 300 1244 340 ἐστι
1263 299 1303 338 τὸ
1326 299 1366 338 ἐν
1388 298 1482 351 πρὸς
1501 299 1566 338 τὸν
1584 301 1706 351 Δημο-

247 363 389 410 σθένην
409 363 600 414 συγκρίσει
618 365 668 414 μὴ
685 365 730 401 τὰ
749 363 873 414 πόῤῥω
889 365 1016 406 αὺτοῖς
1032 367 1258 415 παρασχεῖν,
1274 363 1376 414 φησὶ,
1393 359 1478 403 τούς
1498 360 1567 411 μὲν
1584 362 1707 412 Δημο·

247 425 438 468 σθενικοὺς
475 427 615 473 λόγους
650 429 728 468 τοῖς
765 431 839 464 τῶν
872 432 1106 477 στρατιωτῶν
1142 425 1297 463 ἐοικέναι
1335 422 1504 475 μάλιστα
1542 427 1705 474 σώμασι,

247 487 332 531 τούς
352 487 380 525 δ’
399 485 667 538 Ἰσοκρατικοὺς
687 492 766 531 τοῖς
789 493 868 540 τῶν
881 487 1072 535 ἀθλητῶν.
1121 487 1152 524 E
1167 499 1243 538 quo
1257 484 1482 524 Cleocharis
1503 483 1626 531 dicto,
1646 497 1708 522 ne-

247 549 330 587 scio
350 561 398 586 an
426 548 597 587 colorem
624 548 780 588 duxerit
805 549 971 594 Quintil.
1005 549 1057 587 X.
1083 553 1124 587 1.
1151 561 1191 599 p.
1217 551 1310 588 492.
1339 552 1366 569 “
1383 547 1475 585 dum
1503 546 1540 584 in
1568 545 1626 592 iis,
1656 545 1706 584 de

246 611 387 663 quibus
406 610 481 649 erit
499 612 681 664 quaestio,
703 612 1004 658 meminerimus,
1023 624 1103 650 non
1122 611 1354 650 athletarum
1375 616 1497 657 toros,
1519 609 1587 647 sed
1612 608 1709 647 mili-

246 679 330 711 tum
347 672 518 711 lacertos
539 673 662 712 esse.’'
705 673 813 712 Idem
835 680 963 712 tamen
981 673 1127 712 dictum
1142 672 1305 710 Photius
1324 672 1426 710 Bibl.
1444 670 1534 710 cod.
1554 673 1645 709 265.
1667 682 1706 721 p.

245 737 364 775 1474.
388 740 427 772 et
443 735 854 774 Pseudo-Plutarchus
874 735 923 773 de
943 735 1029 772 vitis
1049 735 1102 773 X.
1124 735 1236 773 Orat.
1253 746 1292 785 p.
1313 737 1406 772 845.
1426 733 1471 771 C.
1493 745 1568 770 non
1590 731 1706 770 Cleo-

245 795 354 834 chari
381 796 572 843 tribuunt,
602 797 670 836 sed
699 797 884 848 Philippo
912 797 1137 835 Macedoni.
1194 795 1361 846 Vulgata
1385 794 1520 833 Rutilii
1541 793 1706 833 lectione

245 856 438 909 deceptus
468 858 669 897 Fabricius
697 859 740 896 B.
764 859 816 896 G.
839 858 907 895 IV.
928 872 968 909 p.
995 862 1087 896 481.
1114 864 1302 908 tanquam
1329 856 1504 895 diversos
1534 861 1708 894 oratores

244 926 423 960 recenset
444 920 699 958 Cleocharem
721 925 759 958 et
778 919 1025 958 clearchum.

299 980 445 1018 LXIV.
476 981 706 1019 IeroRus.
745 980 871 1032 Hujus
897 979 1063 1017 oratoris
1091 992 1201 1026 unus,
1223 978 1330 1029 quod
1352 978 1485 1024 sciam,
1508 977 1708 1027 Diogenes

245 1041 419 1079 Laertius
435 1042 527 1080 VII.
544 1045 609 1080 34.
625 1041 860 1080 mentionem
877 1040 992 1080 facit:
1019 1042 1123 1078 ἀλλὰ
1137 1042 1195 1078 καὶ
1210 1040 1381 1093 Ἰσιδώρῳ
1402 1042 1450 1091 τῷ
1467 1039 1709 1090 Περγαμηνῷ

243 1103 380 1154 ῥήτορι,
400 1103 442 1147 ὃς
470 1106 530 1142 καὶ
556 1102 786 1155 ἐκτμηθῆναι
812 1103 924 1156 φησὶν
947 1103 986 1140 ἐκ
1007 1109 1079 1141 τῶν
1100 1101 1270 1150 βιβλίων
1291 1100 1499 1153 [Zenonis]
1518 1103 1566 1139 wi
1591 1103 1711 1143 κακῶς

244 1167 436 1217 λεγόμενα
454 1170 557 1217 παρά
586 1172 665 1210 τοῖς
698 1165 873 1208 Στωϊκοῖς
902 1166 962 1202 ὑπ’
986 1164 1246 1215 Ἀθηνοδώρου
1271 1169 1333 1202 τοῦ
1361 1164 1532 1202 Στωϊκοῦ.
1554 1168 1602 1201 ex'
1633 1175 1712 1213 quo

245 1232 342 1264 aetas
369 1225 454 1276 ejus
485 1226 614 1277 colligi
644 1233 788 1278 potest.
859 1225 994 1264 Rutilii
1027 1226 1136 1264 locus
1169 1225 1201 1263 si
1234 1226 1420 1276 Menagio
1454 1225 1491 1263 in
1527 1230 1711 1276 promptu

246 1286 398 1335 fuisset,
420 1288 613 1327 Isidorum
636 1289 672 1326 in
695 1287 978 1340 Apollodorum
1000 1301 1076 1326 non
1097 1293 1388 1326 commutasset.

301 1353 427 1393 LXV.
459 1354 760 1391 DlNARCHUs.
781 1353 802 1374 *
816 1353 836 1374 ἦε
853 1353 873 1374 *
893 1353 979 1391 Nec
1001 1353 1122 1391 ullum
1142 1351 1255 1391 nobis
1276 1351 1438 1390 dubium
1462 1354 1521 1389 est
1541 1349 1633 1400 quin
1658 1349 1713 1386 11.-

246 1417 313 1453 20.
341 1414 546 1458 Dinarchi
571 1414 645 1465 leg.
678 1415 743 1460 sit,
774 1415 839 1453 ubi
866 1415 1046 1465 vulgatur
1076 1413 1284 1452 Timarchi.
1351 1412 1455 1450 Nam
1480 1410 1712 1449 Timarchus

150 1474 229 1514 187
247 1481 379 1516 orator
398 1490 446 1514 ne
467 1476 585 1514 fando
607 1476 762 1527 quidem
783 1477 952 1515 auditus.
982 1478 1036 1514 At
1056 1476 1094 1513 in
1112 1481 1310 1513 oratorum
1326 1486 1527 1512 numerum
1546 1471 1714 1511 refertur

247 1551 269 1577 a
284 1538 318 1577 Ι.
333 1538 507 1590 Tayloro
529 1538 645 1577 Praef.
665 1538 714 1577 ad
736 1538 961 1577 AEschinem
979 1551 1013 1577 c.
1030 1538 1293 1576 Timarchum.
1323 1536 1550 1582 Videamus,
1569 1534 1714 1586 quibus

246 1601 487 1651 argumentis
516 1601 672 1638 nitatur.
731 1601 904 1639 Primum
931 1600 1064 1638 laudat
1094 1599 1227 1637 Rutilii
1259 1599 1401 1637 locum.
1464 1597 1598 1636 sedin
1620 1597 1712 1642 hoc,

247 1668 338 1711 post
370 1661 682 1700 emendationem
712 1667 900 1707 nostram,
930 1661 1025 1699 nihil
1058 1660 1245 1712 praesidii.
1304 1659 1459 1698 Deinde
1492 1657 1606 1697 affert
1638 1657 1713 1696 hoc

248 1722 413 1773 Longini
439 1722 723 1774 fragmentum:
755 1722 925 1773 Κορωνὶς
945 1721 972 1759 δ’
992 1720 1086 1760 ἕστω
1105 1722 1225 1769 λόγου
1243 1720 1386 1763 παντὸς
1405 1721 1463 1757 καὶ
1480 1721 1713 1771 φρονήματος

245 1784 464 1832 Ἑλληνικοῦ
485 1783 746 1836 Δημοσθένης,
767 1783 970 1836 Αἰσχίνης,
990 1782 1159 1828 Λυσίας,
1178 1782 1425 1833 Ἀριστείδης,
1458 1781 1612 1827 Ἰσαῖος,
1641 1781 1713 1818 Τί·

246 1863 409 1901 μαρχος,
435 1844 664 1897 Ἰσοκράτης,
692 1845 936 1897 Δημοσθένης
962 1847 981 1883 ὁ
1011 1845 1227 1895 Κορίνθιος,
1251 1843 1433 1896 Ξενοφῶν.
1452 1843 1546 1893 πρὸς
1570 1845 1713 1886 τούτοις

247 1907 408 1951 Παῦλος
441 1909 460 1945 ὁ
489 1906 673 1958 Ταρσεὺς,
708 1906 839 1946 ὅντινα
870 1909 928 1945 καὶ
959 1909 1105 1957 πρῶτον
1133 1907 1225 1958 φημὶ
1256 1904 1486 1956 προεστάναι
1519 1904 1710 1955 δόγματος

247 1969 526 2010 ἀναποδείκτου.
556 1969 764 2007 Enimvero
783 1969 883 2007 male
904 1969 952 2006 sit
971 1967 1152 2013 librariis,
1176 1967 1242 2016 qui
1258 1967 1381 2004 virum
1402 1965 1709 2004 eruditissimum

249 2039 329 2071 tam
350 2038 530 2082 proterve
549 2030 737 2068 luserunt.
793 2030 895 2067 Nam
914 2029 1175 2080 fragmentum
1197 2028 1291 2066 illud
1315 2028 1368 2066 ita
1388 2027 1639 2066 scribendum
1660 2049 1710 2056 --

248 2093 452 2146 Αἰσχίνης,
463 2092 697 2143 “Υπερείδης,
713 2091 870 2139 Ἰσαῖος,
881 2090 1107 2144 Δείναρχος,
1121 2088 1371 2142 Δημοσθένης
1386 2091 1406 2127 ὁ
1419 2088 1600 2140 κρίθινος,
1615 2089 1713 2127 Ἰσο-

248 2155 400 2205 κράτης,
419 2155 618 2205 Ἀντιφῶν.
675 2152 876 2191 Dinarcho
895 2165 1112 2203 cognomen
1140 2151 1211 2190 fuit
1234 2150 1476 2201 Δημοσθένης
1497 2151 1516 2188 ὁ
1536 2149 1711 2200 κρίθινος.

248 2217 514 2266 Hermogenes
540 2214 590 2252 de
612 2213 745 2253 formis
773 2220 871 2252 orat.
899 2214 951 2252 II.
973 2227 1010 2265 p.
1031 2217 1123 2254 495.
1143 2214 1224 2256 ὥςτ’
1242 2212 1311 2259 ἤδη
1331 2211 1430 2254 τινὲς
1451 2213 1510 2248 καὶ
1527 2211 1711 2262 προσπαί-

247 2280 369 2323 ζοντες
392 2276 602 2330 Δείναρχον
625 2278 689 2314 οὒκ·
706 2276 899 2327 ἀχαρίτως
920 2275 1082 2327 κρίθινον
1101 2275 1345 2327 Δημοσθένην
1368 2276 1568 2324 εἰρήκασιν.
1589 2272 1655 2310 ubi
1675 2285 1709 2309 v.

250 2338 507 2376 Scholiasten.
565 2337 740 2374 Eundem
777 2337 891 2383 etiam
924 2338 1101 2387 ἄγροικον
1132 2334 1380 2386 Δημοσθένην
1410 2340 1592 2372 vocaturn
1626 2345 1710 2371 esse

250 2399 369 2439 tradit
393 2399 556 2449 Dionys.
579 2398 708 2436 Halic.
730 2401 761 2446 ξ.
782 2396 825 2445 η’.
870 2399 1101 2436 Graecorum
1120 2396 1337 2435 imitatione
1359 2395 1417 2433 M.
1438 2395 1584 2433 Coelius
1604 2394 1710 2446 apud

250 2462 407 2500 Sueton.
423 2461 472 2499 de
491 2460 655 2498 Rhetor.
683 2463 720 2497 2.
753 2463 777 2481 “
793 2460 837 2498 L.
862 2459 1049 2505 Plotium,
1079 2459 1282 2497 subtracto
1307 2456 1464 2494 nomine
1492 2455 1711 2494 ordearium

250 2522 441 2560 rhetorem
462 2521 690 2572 appellavit,
710 2520 904 2567 deridens,
926 2527 967 2559 ut
990 2520 1179 2567 inflatum,
1200 2532 1246 2558 ac
1271 2519 1394 2557 levem
1415 2525 1455 2556 et
1473 2517 1711 2556 sordidum.”

250 2583 317 2623 ubi
337 2583 543 2622 adeundus
564 2583 615 2620 Is·
637 2583 908 2621 Casaubonus.
956 2582 1063 2621 Pauli
1084 2581 1229 2620 mentio
1244 2581 1295 2619 ab
1312 2580 1478 2619 hominis
1498 2578 1710 2618 Christiani

250 2645 386 2684 fraude
405 2644 585 2691 accessit,
601 2650 643 2682 ut
660 2644 759 2683 bene
773 2643 925 2696 judicat
946 2643 1148 2682 Fabricius
1169 2643 1213 2680 B.
1230 2642 1283 2681 G.
1304 2641 1374 2679 1V.
1394 2654 1433 2692 p.
1454 2643 1547 2678 445.
1561 2639 1581 2661 '¹
1595 2639 1649 2661 *³¹⁶
1664 2639 1685 2660 ’ἓ

294 2784 314 2804 ⁸
330 2784 349 2803 *¹
366 2785 383 2803 ⁸*
408 2783 454 2814 Ad
480 2781 592 2813 Rutilii
611 2792 642 2821 p.
664 2783 718 2813 88.
735 2780 786 2810 ubi
806 2780 843 2810 V.
859 2781 900 2811 D.
917 2780 963 2810 lo-
998 2778 1198 2814 Dinarchum,
1216 2779 1271 2808 sed
1293 2777 1470 2808 omittemus
1490 2777 1576 2807 illum
1597 2777 1712 2812 locum,

251 2836 320 2857 cum
336 2827 448 2857 Rutilii
466 2827 511 2857 sic
529 2824 644 2856 sarcit:
667 2828 687 2842 ‘¹
709 2824 753 2854 ita
768 2828 802 2853 ut
816 2823 890 2853 fecit
906 2823 962 2853 Di·
997 2827 1032 2853 ut
1048 2821 1246 2856 steriliorem,
1262 2821 1291 2850 in
1305 2831 1363 2860 quo
1377 2820 1450 2850 nihil
1469 2820 1552 2850 aliud
1569 2821 1710 2854 docetur,

251 2869 391 2899 nai-obus.
446 2870 545 2900 Dives
577 2877 687 2899 avarus
715 2867 746 2897 in
776 2866 850 2897 villa
879 2865 963 2897 ctc.’'
997 2875 1086 2905 quam
1103 2865 1203 2895 locum
1226 2864 1375 2893 Dinarchi
1395 2874 1412 2893 a
1430 2863 1552 2893 Rutilio
1574 2862 1617 2893 ibi
1633 2861 1710 2891 rela-

253 2912 375 2942 Rmsx.
996 2913 1074 2943 tum,
1085 2917 1126 2938 ex
1137 2906 1274 2937 oratione
1286 2907 1366 2937 κατὰ
1376 2905 1505 2949 Προξένου
1516 2904 1616 2937 videri
1627 2914 1710 2935 sum-

296 2955 314 2973 ·
331 2955 349 2974 ³
366 2956 383 2973 '¹
402 2955 419 2974 ⁸
444 2956 561 2986 Rursus
581 2964 614 2993 p.
630 2955 702 2985 126.
725 2951 847 2991 attingit
867 2951 909 2985 V.
925 2950 965 2982 C.
996 2955 1084 2991 ptum
1098 2961 1178 2981 esse.
1201 2950 1309 2981 IDEM.
