1818 3189
220 182 303 224 368

560 383 591 406 Γ.

218 459 339 500 γαμεῖν]
355 459 453 499 γήμας
467 460 514 491 ἐπὶ
527 460 595 492 δέκα
606 463 770 497 ταλάντοις.
795 464 867 499 117,
879 466 928 494 14.

218 503 306 544 γένος]
329 502 417 541 ἐξώλη
439 503 525 534 αὐτὸν
542 504 608 535 εἶναι
627 507 677 535 καὶ
694 505 778 543 γένος.
801 508 928 542 49,13.

263 545 398 587 προρρίζθν
423 546 536 588 θίχὲταί
559 550 616 579 πᾶν
636 560 669 578 '1¹0
693 548 823 588 ἦμετέξῦν
845 548 928 587 γένθξι

262 590 509 638 72.3111ερ.τῳ
530 591 600 628 γένει
621 590 723 622 ἐκείνων
742 591 928 633 συνηθέστερά

261 629 350 662 ἐστιν.
372 635 426 673 88,
441 635 473 663 7.

219 675 364 753 γεωξγεῖν]
394 675 425 705 ἐκ
458 677 513 706 τῶν
540 676 567 707 ἐν
595 690 631 708 τη
666 677 703 720 γξῖ
731 677 929 719 γεωςγούντων.

218 759 270 800 γη]
287 770 370 798 ager,
386 772 450 793 rus.
472 765 526 799 45,
542 765 571 794 2.
589 762 757 793 continens.
775 763 927 803 ληίζεσθαι

261 805 341 833 κατὰ.
362 816 411 843 γην
431 805 479 835 καὶ
503 808 582 836 κατὰ.
605 806 771 837 θάλασσαν.
795 809 850 844 50,
872 808 927 838 ult.

261 844 410 877 ἐκπίπτειν
423 848 460 882 εἷς
474 861 523 887 γην
537 847 681 888 βάξέαςον.
706 851 828 885 68,18.

217 886 382 926 γίγνεσθαι,
407 891 456 920 vel
487 891 628 929 γίνεσθαι,
651 891 688 924 εἴς
715 903 788 923 τινα.
816 892 927 923 cedere

261 931 366 969 alicui,
383 933 487 963 venire
503 934 534 964 111
556 936 622 973 ejus
639 940 764 965 sortem.
787 937 840 972 58,
856 945 926 974 pen.

260 974 333 1013 αξιῶ
347 977 402 1010 τοὶς
417 978 472 1006 τῶν
489 977 622 1016 προγόνων
636 978 738 1016 ἀρετὰς
752 977 816 1016 ἐμοὶ
831 990 927 1009 σωτη-

262 1016 318 1058 ρίαν
335 1017 468 1056 γίνεσθαι.
490 1022 545 1056 71,
562 1023 592 1051 9.
617 1019 673 1050 ἐπὶ
691 1020 725 1050 τὸ
745 1019 776 1050 εὖ
791 1023 927 1062 πράττειν

260 1062 342 1090 κακοὶ
367 1061 485 1100 γίνονται
511 1063 616 1097 πάντες
632 1062 786 1116 ηἰίνθρωποι.
811 1067 866 1100 77,
893 1067 924 1094 7.

259 1115 357 1133 ταυτα
372 1105 401 1135 οὔ
416 1103 587 1145 διακέκριται
599 1107 659 1139 τοῖς
672 1105 728 1145 μὲν
738 1106 927 1146 γίνεσθαιτοῖς

259 1145 289 1176 δὲ
303 1147 358 1185 μή.
375 1149 428 1187 77,
445 1151 495 1179 12.
518 1149 641 1182 τοιοῦτος
654 1150 702 1178 και
717 1162 851 1185 τοσουτος
866 1149 927 1189 ἔγε-

260 1189 343 1228 νὸμην
362 1189 406 1230 [51
419 1171 513 1221 lectio
529 1192 605 1221 bene
623 1191 740 1232 habet}
757 1198 818 1223 tam
833 1194 926 1224 vehe-

259 1238 379 1262 menter
397 1233 552 1264 contendi.
576 1235 629 1274 85,
644 1244 715 1274 pen.
735 1234 858 1273 γίνεσθαι
881 1237 926 1266 δύ-

259 1285 343 1315 ναμις
360 1279 391 1306 et
412 1277 585 1312 κατάλυσις,
604 1288 661 1316 pro
685 1277 805 1314 afferre,
822 1290 926 1310 creare

258 1318 334 1358 vim,
352 1324 403 1350 aut
415 1325 545 1358 pestem.
569 1321 621 1356 95,
637 1323 689 1350 11.

217 1361 390 1401 γιγνώσκειν,
405 1363 454 1392 vel
478 1364 630 1401 γινώσκειν,
652 1367 683 1393 et
697 1365 808 1406 γνωναι]
831 1376 926 1404 γνωναι

258 1415 292 1432 ’τῦ
313 1407 437 1446 πρᾶγμα
455 1403 504 1436 οιόν
526 1405 602 1436 ἔστι.
626 1408 679 1443 66,
698 1410 729 1437 4.
752 1408 928 1447 ἀνθρωπίνως

260 1447 597 1500 πεξιτινογινώσκοιτε.
618 1449 927 1489 77,1111.ἐπειδὴέγι’-

259 1501 381 1528 γνωσκον
395 1491 595 1531 ἀπολούμενος,
611 1491 644 1521 id
664 1497 724 1528 est,
744 1491 787 1522 ἔτι
803 1494 927 1524 ἀπολοῦ-

257 1544 327 1572 μαι.
351 1533 426 1563 1111111
449 1534 642 1574 pereundum
666 1535 732 1565 fore
755 1536 927 1566 cernebam.

259 1577 493 1612 82,15.αυτοι
519 1575 628 1615 γνόντες
656 1589 700 1607 και
726 1578 926 1621 ὑποσχόμενοι.

258 1629 329 1650 cum
346 1619 426 1660 (vel,
444 1620 602 1661 quamvis)
617 1621 678 1651 id
670 1622 731 1660 ipsi
752 1632 819 1658 vos,
835 1622 926 1658 ultro,

259 1667 368 1701 sponte
389 1668 495 1693 vestra
513 1664 737 1695 decrevissetis
756 1665 832 1694 mihi
853 1666 927 1695 dan-

259 1705 344 1741 dum,
372 1710 463 1745 atque
490 1706 616 1738 daturos
643 1708 852 1747 recepissetis.
876 1708 926 1738 vel

258 1747 367 1786 γνόντες
382 1748 426 1778 ibi
442 1755 547 1789 potest
557 1750 657 1790 accipi
672 1761 730 1790 pro
746 1749 778 1780 ἐκ
790 1762 840 1785 της
855 1751 926 1789 ὑμε-

258 1789 343 1833 τέρας
357 1792 449 1823 αὐτῶν
462 1793 584 1833 γνώμης.
608 1797 661 1829 86,
678 1797 730 1824 14.
745 1792 928 1824 ἀνεπιτηδειόν

258 1846 289 1864 τι
305 1837 412 1873 γνῶναι.
424 1836 567 1866 infestum
584 1837 658 1876 quid
674 1837 849 1867 decernere.
872 1838 926 1873 89,

260 1881 311 1907 10.
335 1878 489 1917 διαλλαγαι
506 1878 609 1914 αἵτινες
623 1879 703 1916 εἰσὶν,
726 1891 755 1910 ου
776 1880 926 1918 γινώσκειν.

257 1923 332 1956 106,
347 1921 402 1952 ult.

214 1963 330 2004 γνώμη]
356 1965 431 1994 πολὺ
459 1966 507 1996 τῆν
532 1964 654 1996 ἐναντίαν
680 1966 788 1996 τούτων
815 1967 926 2005 γνώμην

257 2005 329 2048 ἔχω.
360 2007 489 2036 multum
520 2008 556 2036 ab
584 2009 634 2038 his
664 2009 785 2039 diversa
815 2009 926 2039 sentio.

258 2051 292 2084 3,
304 2052 333 2080 2.
350 2049 397 2079 οὔκ
412 2048 495 2088 ὀλίγῳ
512 2048 593 2088 [scil.
605 2050 719 2092 μέτρῳ]
734 2062 786 2091 μοι
803 2051 850 2092 [id
866 2056 925 2087 est,

260 2090 309 2122 ὑπ’
331 2089 416 2132 ἒμου]
433 2094 512 2132 παρὰ
535 2092 582 2132 [id
607 2097 667 2130 est,
683 2093 808 2128 ἄλλως
796 2107 810 2125 η
830 2094 925 2148 κατα]

258 2135 308 2165 τὴν
321 2135 433 2175 γνώμην
448 2135 594 2176 [subaudi
609 2138 657 2167 τὴν
672 2135 756 2178 ἒμῆν]
774 2135 868 2177 εὑξεὲη
885 2139 926 2167 τὰ

260 2178 428 2217 πράγματα
457 2177 573 2219 ἔχοντα.
600 2189 661 2218 11011
688 2180 791 2219 paulo,
807 2180 839 2210 id
866 2184 926 2221 est,

258 2221 367 2257 multo,
383 2220 484 2251 secius
499 2232 588 2261 quam
609 2233 666 2261 pro
687 2223 831 2262 opinione
846 2233 925 2259 mea,

261 2264 325 2300 vel,
339 2274 428 2302 quam
444 2274 649 2303 speraveram.
672 2269 726 2301 82,
740 2270 769 2296 1.
793 2265 925 2304 ψευσθῆ-

260 2317 303 2336 ναι
327 2318 380 2340 της
402 2307 496 2337 αὐτῶν
516 2308 639 2347 γνώμης.
667 2309 733 2338 falli
762 2308 926 2348 opinioniS,

260 2349 339 2388 spei,
352 2350 575 2387 destinationis,
590 2362 608 2381 a
622 2351 737 2391 cupitis
750 2356 781 2381 et
794 2351 925 2391 speratis

260 2393 411 2422 aberrare.
436 2395 488 2428 86,
508 2396 537 2423 1.
560 2393 586 2423 εἴ
598 2405 639 2434 τῳ
658 2395 736 2433 ὑμῶν
755 2394 882 2428 διάβολόν
895 2407 925 2425 τι

261 2434 330 2475 1περὶ
351 2433 421 2474 ἐμοῦ
442 2434 468 2465 ἐν
488 2436 525 2477 τῇ
539 2437 634 2486 γνώμῃ
655 2437 848 2478 «παρέστηκεν.
873 2440 925 2474 87,

261 2480 314 2508 12.
335 2478 398 2507 ἀντι
412 2480 464 2513 τῆς
485 2478 620 2519 πςοτὲρας
640 2481 753 2520 γνώμης
771 2480 818 2511 ἑτε
807 2479 854 2522 ἑρα
873 2493 924 2521 μοι

261 2522 304 2551 νῦν
317 2520 504 2562 παρέστηκεν.
520 2524 573 2557 87,
589 2523 643 2553 1111.
665 2523 704 2565 τῇ
717 2524 814 2565 γνώμη
829 2525 925 2564 ἄμας-

260 2564 360 2594 τάνειν.
377 2566 436 2602 87,
457 2567 507 2596 13.
531 2566 580 2595 τὴν
586 2566 704 2618 γνώμην
724 2567 816 2597 αὐτῶν
836 2568 927 2598 ἀτελῆ

261 2618 389 2638 ποιησαι.
405 2609 458 2644 89,
475 2610 525 2638 10.
542 2608 654 2647 γνώμην
670 2610 729 2648 περὶ
746 2611 823 2648 ἡμῶν
838 2609 926 2640 ἔθεντο

261 2667 305 2673 -—-
318 2651 368 2681 τὴν
389 2649 478 2680 πόλιν
501 2651 579 2691 ημῶν
602 2651 856 2692 ἀνδραποδίζεσθαι.
873 2664 926 2683 au-

262 2697 364 2724 ctores
390 2693 502 2724 fiebant
517 2711 561 2717 —-
582 2698 615 2724 ut
637 2694 733 2724 nostri
759 2695 844 2725 cives
870 2698 926 2726 sub

261 2746 375 2776 corona
391 2736 541 2767 venirent.
566 2738 619 2774 99,
634 2739 668 2766 7.

219 2779 324 2819 γονεὺς]
341 2779 405 2814 τοὺς
415 2778 508 2817 γονέας
518 2781 610 2814 κακῶς
624 2780 718 2811 ποιεῖν.
735 2780 857 2811 infamia
872 2791 925 2812 no-

263 2822 393 2852 tubatur.
415 2824 514 2858 36,1.

219 2863 296 2904 γὸνυ]
321 2863 613 2906 καταλαμξανόμενος
641 2869 697 2898 τῶν
720 2868 850 2905 γονάτων.
875 2871 927 2903 10,

263 2907 319 2938 1111.
334 2907 393 2938 11151
412 2908 517 2947 potius
537 2909 582 2939 ibi
602 2909 735 2950 simplex
755 2911 926 2952 composito

262 2950 485 2989 praeferendum
500 2956 559 2982 est.

220 2981 351 3035 γράφειν]
362 2996 441 3026 κατα
451 3007 514 3031 τους
525 2995 580 3026 ἅνω
592 2997 804 3038 γεγραμμένους
817 2996 926 3038 νόμους.

641 185 835 228 INDEX
870 182 1251 227 GRAECITATIS

1008 295 1061 327 41,
1082 295 1114 323 7.
1138 293 1246 323 στῆλαι
1271 289 1462 321 σταθήσονται
1487 289 1541 320 tw}
1564 290 1671 326 τούτοις

1006 336 1219 375 γεγραμμέναι.
1245 336 1318 371 106,
1340 336 1370 365 9.
1394 332 1478 364 οἳκίαν
1496 334 1608 374 γράφειν
1621 335 1668 364 ‹li-

1007 378 1087 407 citur
1103 379 1213 417 pictor,
1229 378 1352 408 domum
1372 377 1489 411 colore,
1509 375 1557 406 vel
1574 380 1670 406 tecto-

1006 421 1052 450 rio
1080 421 1263 457 incrustans,
1294 424 1325 450 et
1346 418 1479 458 picturis
1508 429 1670 450 exornans.

1007 465 1080 498 119,
1094 464 1149 494 1111.

962 506 1101 547 γραφεὺς]
1121 507 1230 546 pictor.
1253 508 1327 541 119,
1342 516 1413 545 peu.

963 549 1072 590 γραφὴ]
1095 550 1250 580 accusatio
1266 549 1305 578 de
1321 547 1447 577 crimine
1466 547 1592 586 publico
1607 558 1669 578 ma-

1002 591 1137 631 jestatis,
1153 596 1205 623 aut
1219 590 1454 632 perduellionis,
1470 596 1521 620 aut
1544 592 1668 630 pecula-

1007 640 1069 671 tus,
1083 640 1114 665 et
1129 635 1287 666 similium.
1309 636 1363 669 35,
1381 636 1432 664 11.
1457 635 1511 669 42,
1528 634 1584 664 ult.

963 677 1174 720 γυμνασίαρχον
1202 678 1378 716 λειτουργεῖν,
1408 676 1441 707 id
1467 681 1525 713 est,
1551 677 1591 706 τίι
1618 676 1670 706 τοῦ

1005 723 1222 762 γυμνασιάρχου
1237 721 1334 751 ποιεῖν.
1355 720 1408 755 65,
1424 721 1455 750 3.

963 764 1132 805 γυμνασιον]
1155 765 1185 794 αἶ
1201 766 1256 793 τῶν
1271 761 1333 793 νέων
1346 762 1484 803 διατριβαι
1502 761 1551 792 οὑκ
1568 761 1594 793 ἐν
1611 762 1671 795 τοῖς

1006 807 1182 846 γυμνασίοις,
1198 804 1268 836 ἀλλ’
1286 804 1311 835 ἒν
1325 806 1385 839 τοῖς
1403 803 1587 845 δικαστηρίοις
1605 804 1670 835 εἶσί.

1008 852 1081 885 123,
1098 852 1129 881 5.
1144 852 1184 880 τιὶ
1203 849 1352 888 γυμνάσια
1365 847 1528 878 καταλύειν.
1538 847 1668 884 efficere,

1005 897 1038 922 ut
1065 894 1218 932 palaestrae
1244 892 1431 931 dispereant,
1454 891 1484 921 h.
1510 901 1538 920 e.
1569 891 1668 920 minus

1002 937 1064 974 jam
1079 937 1308 975 frequententur
1319 939 1411 974 atque
1426 934 1509 965 olim.
1527 934 1602 969 132,
1615 935 1667 964 18.

1298 1073 1334 1097 Δ.

960 1150 1084 1192 δαίμων]
1098 1152 1164 1193 πρὸς
1176 1152 1240 1184 Θεων
1254 1164 1302 1183 και
1318 1151 1463 1192 δαιμόνων.
1486 1153 1539 1187 48,
1555 1161 1625 1190 pen.

960 1195 1102 1236 δαπανᾷν]
1131 1195 1321 1227 δαπανασὲαι
1346 1195 1478 1235 μεγάλα.
1499 1193 1555 1224 viel
1575 1192 1677 1234 draus

999 1237 1094 1278 gehen
1117 1239 1208 1269 lassen
1225 1238 1270 1278 [to
1283 1239 1371 1277 spend
1389 1249 1409 1266 a
1420 1243 1506 1278 great
1520 1237 1598 1272 deal,
1614 1236 1671 1266 live

1002 1281 1310 1321 expensively].129‚
1325 1284 1356 1311 4.
1379 1279 1506 1310 δαπανὶν
1519 1290 1559 1309 τα
1574 1290 1669 1319 wew-

1001 1322 1181 1362 ταττόμενα.
1205 1325 1279 1360 133,
1297 1327 1347 1353 11.

960 1363 1005 1405 δὲ]
1021 1376 1076 1404 pro
1091 1366 1157 1405 γάρ.
1180 1368 1233 1402 86,
1250 1371 1354 1406 antep-

961 1407 1019 1447 δεῖ]
1035 1418 1091 1447 pro
1104 1408 1200 1448 ἔξεστι
1214 1409 1262 1439 vel
1279 1407 1349 1439 ὅσιόν
1365 1409 1440 1440 ἔστι.
1457 1406 1484 1437 51
1496 1407 1542 1436 sas
1559 1411 1590 1437 et
1600 1406 1670 1438 lici-

1002 1456 1067 1481 tum
1084 1456 1141 1481 est.
1162 1451 1239 1492 εἴπες
1256 1449 1297 1481 οὖν
1321 1453 1363 1482 δεῖ
1381 1453 1422 1482 τὰ
1438 1451 1494 1480 τῶν
1511 1448 1576 1480 Θεῶν
1593 1451 1670 1481 ὑσο-

1004 1495 1076 1524 νοεῖν.
1101 1496 1154 1530 69,
1172 1497 1203 1525 8.

961 1537 1106 1577 δεικνύναι]
1134 1538 1232 1577 ἄνδρας
1255 1538 1384 1576 ἀγαθοὺς
1404 1537 1430 1568 ἐν
1449 1536 1511 1570 τοῖς
1535 1535 1670 1570 τοιούτοις

1004 1579 1135 1610 δεικνύναι
1151 1583 1207 1616 τὰς
1218 1581 1386 1616 οἰκειότητας
1400 1579 1544 1614 ἀλλήλοις.
1568 1581 1622 1616 59,
1638 1579 1670 1609 5.

961 1621 1065 1656 δειλίας
1079 1622 1182 1662 ὄφλειν,
1198 1624 1265 1654 scil.
1281 1623 1363 1655 δίκην.
1387 1624 1441 1660 35,
1457 1626 1560 1661 antep.

961 1665 1029 1705 δεῖν]
1051 1666 1159 1704 ligare.
1175 1665 1268 1696 ἔδησεν
1281 1667 1358 1707 ἧμές
1374 1667 1400 1697 ἐν
1414 1666 1473 1700 τοῖς
1490 1664 1593 1704 ξύλοις.
1615 1665 1669 1700 23,

1004 1711 1035 1738 1.
1050 1711 1104 1745 45,
1119 1711 1151 1748 7.
1175 1712 1303 1751 προεῖπεν
1323 1709 1403 1749 αὐτῷ
1421 1708 1520 1738 δήσειν.
1537 1708 1669 1738 minatus

1003 1751 1032 1781 ei
1048 1757 1095 1782 est
1108 1763 1273 1783 carcerem.
1299 1755 1371 1789 120,
1388 1755 1420 1784 3.

960 1793 1053 1835 δεινός]
1083 1794 1168 1835 μέγα
1190 1807 1245 1826 και
1257 1795 1351 1827 δεινόν.
1374 1797 1429 1832 75,
1455 1798 1486 1826 9.
1509 1806 1524 1824 η
1549 1791 1670 1826 ξασανος

1003 1837 1069 1869 δεινη
1090 1840 1168 1879 παρα
1187 1839 1248 1874 τοῖς
1260 1839 1357 1870 εἰδόσι.
1375 1836 1569 1869 formidabile
1589 1839 1637 1866 est
1651 1846 1671 1866 a

1003 1881 1112 1920 peritis
1125 1882 1303 1912 examinari.
1326 1884 1380 1918 16,
1394 1882 1426 1912 5.
1448 1877 1548 1910 δεινόν’
1537 1877 1670 1919 εμὲέκεί·

1002 1934 1054 1958 νοις
1075 1925 1122 1954 οὐκ
1141 1924 1218 1955 εῖναι.
1239 1925 1314 1955 nihil
1330 1935 1400 1955 esse
1420 1923 1496 1958 illis,
1515 1922 1598 1961 quod
1615 1922 1674 1951 abs·

1002 1976 1051 1995 me
1071 1967 1133 1997 sibi
1148 1972 1292 1998 metuant.
1312 1971 1366 2003 31,
1384 1968 1434 1997 10.
1456 1963 1609 1995 δεινότατον
1624 1975 1668 2003 μη

1002 2008 1153 2051 καταλυθῇ
1167 2011 1181 2040 ἦ
1196 2011 1238 2041 νῦν
1253 2008 1404 2042 πολιτεία.
1417 2007 1550 2040 maxime
1561 2017 1669 2038 veren-

1002 2053 1074 2082 dum
1091 2063 1170 2083 esse.
1185 2056 1239 2090 90,
1253 2056 1283 2084 6.

959 2094 1090 2136 δεῖσθαι]
1116 2106 1237 2136 rogare,
1261 2096 1433 2137 deprecari.
1432 2091 1669 2147 “dvxsstewmar

1002 2137 1049 2168 τὸν
1064 2138 1245 2178 δεησὸμενον“
1235 2139 1304 2180 υπέξ
1320 2138 1459 2179 ἔμαυτου.
1479 2140 1535 2174 73,
1549 2139 1602 2167 18.

960 2179 1028 2211 δέκα
1048 2181 1138 2221 ἄνδρες
1163 2181 1196 2212 ἐκ
1222 2184 1342 2213 πάντων
1359 2179 1510 2233 ’Aegas-alm
1534 2179 1669 2222 πςέσβεις

1002 2223 1147 2265 ηρέθησαν.
1173 2227 1225 2262 92,
1243 2229 1273 2257 8.
1296 2225 1396 2265 γήμας
1413 2223 1461 2255 ἔπι
1476 2222 1543 2254 δέκα
1557 2224 1667 2254 ταλαν-

1004 2278 1073 2301 τοις.
1096 2270 1170 2303 117,
1188 2271 1238 2299 14.

961 2308 1119 2351 Δελφίνιον]
1137 2311 1269 2342 tribunal
1284 2311 1423 2342 Athenis.
1445 2312 1498 2346 37,
1510 2315 1615 2350 antep.

960 2352 1161 2394 δεσμωτήριον]
1183 2355 1304 2392 ἀπάγειν
1317 2356 1382 2388 τοὺς
1396 2353 1561 2393 κακούξγους
1580 2353 1618 2388 εἷς
1634 2352 1669 2384 τδ

1002 2396 1198 2436 δεσμώτήξιον.
1220 2400 1293 2434 120,
1314 2408 1383 2438 pen.
1403 2394 1559 2434 συγκλείειν
1574 2395 1609 2426 τὶ
1626 2395 1668 2426 δε-

979 2456 981 2459 ·
1003 2439 1170 2479 σμωτῆςιον.
1196 2442 1248 2475 24,
1263 2441 1336 2470 1111.’

959 2480 1043 2522 δευρὶ]
1069 2493 1127 2522 pro
1149 2482 1230 2523 δεῦρο.
1253 2483 1369 2524 διαίτης,
1387 2482 1419 2523 ἐξ
1439 2481 1470 2517 ’ἧς
1488 2481 1559 2522 &euge
1575 2481 1667 2522 μετέ-

1000 2536 1082 2555 στην.
1104 2527 1158 2561 80,
1173 2527 1201 2556 9.

959 2566 1119 2618 δέχεσθαι]
1145 2568 1192 2598 οὔκ
1214 2568 1246 2599 ἃν
1267 2568 1400 2609 δεξαίμην
1422 2567 1520 2599 πάντα
1540 2567 1667 2606 τάγαθὰ

1001 2609 1085 2652 ἔχειν.
1109 2611 1215 2648 11011111,
1235 2623 1386 2648 recusem,
1406 2611 1537 2642 oblatam
1560 2610 1665 2641 condi-

1003 2654 1117 2684 tionem
1138 2664 1292 2694 respuam.
1315 2658 1394 2690 0,.4
1414 2659 1445 2685 et
1469 2656 1499 2685 6.
1522 2652 1666 2692 δεξάμενοι

1001 2708 1155 2738 χξηματος
1178 2697 1277 2731 ουδενδς
1297 2715 1341 2721 ———-
1363 2697 1416 2737 qui
1439 2697 1534 2729 vitam
1554 2696 1666 2727 mereri

1002 2739 1110 2776 nolint,
1136 2743 1171 2770 ut
1193 2740 1292 2770 sinant
1318 2741 1407 2771 vobis
1432 2750 1488 2780 per
1511 2749 1562 2770 me
1587 2740 1665 2770 bene

1002 2792 1083 2813 esse.
1107 2784 1161 2818 76,
1178 2784 1229 2813 16.
1244 2781 1382 2823 ἐδεξάμην
1394 2782 1458 2812 ἀντὶ
1470 2783 1583 2812 πάντων
1593 2792 1664 2823 χρη·

1000 2837 1115 2865 ματων.
1138 2827 1191 2862 86,
1207 2827 1238 2856 6.

960 2869 1069 2909 δηλοῦν]
1099 2869 1195 2899 wia-av
1223 2867 1344 2898 ἐδήλωσε
1380 2867 1530 2919 [subaudi
1553 2864 1667 2906 ἑαυτον]

1002 2911 1229 2951 καταφρονῶν,111
1240 2916 1299 2947 est,
1309 2909 1536 2951 οτικαταφςονει.
1546 2910 1620 2939 118.
1631 2910 1664 2939 7.

960 2954 1146 2997 δημαγωγὸς]
1165 2954 1300 2996 παρέχειν
1314 2965 1379 2989 τους
1392 2965 1448 2993 μεν
1459 2953 1558 2992 λόγους
1572 2951 1666 2991 δημι-

1001 2999 1103 3039 γωγοῦ,
1118 2999 1158 3030 τὰ
1172 2997 1200 3030 δὲ
1215 2997 1282 3039 ἔργα
1301 2998 1436 3039 τυράννου.
1459 2997 1532 3034 126,
1548 2997 1578 3035 9.
