<?xml version="1.0" encoding="UTF-8"?>
<!DOCTYPE html PUBLIC "-//W3C//DTD XHTML 1.0 Transitional//EN"
    "http://www.w3.org/TR/xhtml1/DTD/xhtml1-transitional.dtd">
<html xmlns="http://www.w3.org/1999/xhtml" xml:lang="en" lang="en">
 <head>
  <title>
</title>
<meta http-equiv="Content-Type" content="text/html;charset=utf-8" />
  <meta name='ocr-system' content='tesseract 3.04.00' />
  <meta name='ocr-capabilities' content='ocr_page ocr_carea ocr_par ocr_line ocrx_word'/>
</head>
<body>
  <div class='ocr_page' id='page_1' title='image "./oratoresatticie01dobs_0342.png"; bbox 0 0 1818 3189; ppageno 0'>
   <div class='ocr_carea' id='block_1_1' title="bbox 246 230 357 286">
    <p class='ocr_par' dir='ltr' id='par_1_1' title="bbox 246 230 357 286">
     <span class='ocr_line' id='line_1_1' title="bbox 246 230 357 286; baseline -0.063 0"><span class='ocrx_word' id='word_1_1' title='bbox 246 230 357 286; x_wconf 75' lang='lat'><strong>270</strong></span> 
     </span>
    </p>
   </div>
   <div class='ocr_carea' id='block_1_2' title="bbox 246 347 1029 440">
    <p class='ocr_par' dir='ltr' id='par_1_2' title="bbox 246 347 1029 440">
     <span class='ocr_line' id='line_1_2' title="bbox 246 347 1029 440; baseline 0.001 -39"><span class='ocrx_word' id='word_1_2' title='bbox 246 348 476 440; x_wconf 76' lang='grc' dir='ltr'><em>ἷκετηρια</em></span> <span class='ocrx_word' id='word_1_3' title='bbox 472 357 620 401; x_wconf 77' lang='grc' dir='ltr'><em>κεῖται</em></span> <span class='ocrx_word' id='word_1_4' title='bbox 653 347 727 402; x_wconf 76' lang='grc' dir='ltr'><strong>ἐπι</strong></span> <span class='ocrx_word' id='word_1_5' title='bbox 752 373 830 403; x_wconf 89' lang='grc' dir='ltr'><strong>του</strong></span> <span class='ocrx_word' id='word_1_6' title='bbox 809 349 1029 420; x_wconf 72' lang='grc' dir='ltr'><strong>βωμοῦ,</strong></span> 
     </span>
    </p>
   </div>
   <div class='ocr_carea' id='block_1_3' title="bbox 706 234 1247 279">
    <p class='ocr_par' dir='ltr' id='par_1_3' title="bbox 706 234 1247 279">
     <span class='ocr_line' id='line_1_3' title="bbox 706 234 1247 279; baseline 0.004 -3"><span class='ocrx_word' id='word_1_7' title='bbox 706 234 1247 279; x_wconf 81' lang='grc' dir='ltr'><strong>ΑΝΔΟΚΙΔΟΥ</strong></span> 
     </span>
    </p>
   </div>
   <div class='ocr_carea' id='block_1_4' title="bbox 1121 347 1184 369">
    <p class='ocr_par' dir='ltr' id='par_1_4' title="bbox 1121 347 1184 369">
     <span class='ocr_line' id='line_1_4' title="bbox 1121 347 1184 369; baseline 0 0"><span class='ocrx_word' id='word_1_8' title='bbox 1121 349 1136 369; x_wconf 63' lang='lat' dir='ltr'>X</span> <span class='ocrx_word' id='word_1_9' title='bbox 1163 347 1184 365; x_wconf 79' lang='lat' dir='ltr'><strong>’l</strong></span> 
     </span>
    </p>
   </div>
   <div class='ocr_carea' id='block_1_5' title="bbox 1057 345 1511 415">
    <p class='ocr_par' dir='ltr' id='par_1_5' title="bbox 1057 345 1511 415">
     <span class='ocr_line' id='line_1_5' title="bbox 1057 345 1511 415; baseline 0 -14"><span class='ocrx_word' id='word_1_10' title='bbox 1057 373 1136 401; x_wconf 83' lang='grc' dir='ltr'><strong>και</strong></span> <span class='ocrx_word' id='word_1_11' title='bbox 1163 345 1320 415; x_wconf 69' lang='grc' dir='ltr'><em>εδειξεν</em></span> <span class='ocrx_word' id='word_1_12' title='bbox 1343 348 1511 409; x_wconf 72' lang='grc' dir='ltr'><em>αὐτοῖς.</em></span> 
     </span>
    </p>
   </div>
   <div class='ocr_carea' id='block_1_6' title="bbox 1553 350 1704 404">
    <p class='ocr_par' dir='ltr' id='par_1_6' title="bbox 1553 350 1704 404">
     <span class='ocr_line' id='line_1_6' title="bbox 1553 350 1704 404; baseline 0.017 -2.581"><span class='ocrx_word' id='word_1_13' title='bbox 1553 350 1704 420; x_wconf 57' lang='grc' dir='ltr'><strong>1κᾳ9,</strong></span> 
     </span>
    </p>
   </div>
   <div class='ocr_carea' id='block_1_7' title="bbox 243 421 1704 501">
    <p class='ocr_par' dir='ltr' id='par_1_7' title="bbox 243 421 1704 501">
     <span class='ocr_line' id='line_1_7' title="bbox 243 421 1704 501; baseline 0.002 -26"><span class='ocrx_word' id='word_1_14' title='bbox 243 448 265 475; x_wconf 89' lang='lat' dir='ltr'><strong>o</strong></span> <span class='ocrx_word' id='word_1_15' title='bbox 299 421 476 499; x_wconf 68' lang='grc' dir='ltr'><em>κῆρυξ</em></span> <span class='ocrx_word' id='word_1_16' title='bbox 458 422 667 499; x_wconf 76' lang='grc' dir='ltr'><em>εκῆρυττε</em></span> <span class='ocrx_word' id='word_1_17' title='bbox 703 421 773 484; x_wconf 82' lang='grc' dir='ltr'><strong>τίς</strong></span> <span class='ocrx_word' id='word_1_18' title='bbox 806 424 884 487; x_wconf 74' lang='grc' dir='ltr'><strong>τὴν</strong></span> <span class='ocrx_word' id='word_1_19' title='bbox 919 423 1142 501; x_wconf 73' lang='grc' dir='ltr'><em>ἱκετηρίαν</em></span> <span class='ocrx_word' id='word_1_20' title='bbox 1177 422 1431 487; x_wconf 62' lang='grc' dir='ltr'><em>καταθείη,</em></span> <span class='ocrx_word' id='word_1_21' title='bbox 1467 447 1547 477; x_wconf 80' lang='grc' dir='ltr'><strong>και</strong></span> <span class='ocrx_word' id='word_1_22' title='bbox 1571 423 1704 486; x_wconf 65' lang='grc' dir='ltr'><em>οὐδείς</em></span> 
     </span>
    </p>
   </div>
   <div class='ocr_carea' id='block_1_8' title="bbox 710 536 1227 580">
    <p class='ocr_par' dir='ltr' id='par_1_8' title="bbox 710 536 1227 580">
     <span class='ocr_line' id='line_1_8' title="bbox 710 536 1227 580; baseline 0 -11"><span class='ocrx_word' id='word_1_23' title='bbox 710 541 720 560; x_wconf 88' lang='lat'>¹</span> <span class='ocrx_word' id='word_1_24' title='bbox 738 541 860 570; x_wconf 82' lang='lat' dir='ltr'><strong>Desunt</strong></span> <span class='ocrx_word' id='word_1_25' title='bbox 873 536 945 580; x_wconf 66' lang='grc' dir='ltr'><strong>κᾷθ’</strong></span> <span class='ocrx_word' id='word_1_26' title='bbox 958 538 970 568; x_wconf 83' lang='grc' dir='ltr'>ὁ</span> <span class='ocrx_word' id='word_1_27' title='bbox 986 536 1094 578; x_wconf 78' lang='grc' dir='ltr'><em>κηρυξ’</em></span> <span class='ocrx_word' id='word_1_28' title='bbox 1083 538 1227 579; x_wconf 77' lang='grc' dir='ltr'><em>εκῆρυττε.</em></span> 
     </span>
    </p>
   </div>
   <div class='ocr_carea' id='block_1_9' title="bbox 234 624 956 2644">
    <p class='ocr_par' dir='ltr' id='par_1_9' title="bbox 237 624 956 1042">
     <span class='ocr_line' id='line_1_9' title="bbox 242 624 953 665; baseline 0.001 -12"><span class='ocrx_word' id='word_1_29' title='bbox 242 624 377 654; x_wconf 74' lang='lat' dir='ltr'><strong>Aristide</strong></span> <span class='ocrx_word' id='word_1_30' title='bbox 392 628 424 654; x_wconf 87' lang='lat' dir='ltr'><strong>et</strong></span> <span class='ocrx_word' id='word_1_31' title='bbox 437 625 517 664; x_wconf 88' lang='lat' dir='ltr'><strong>apud</strong></span> <span class='ocrx_word' id='word_1_32' title='bbox 538 624 729 655; x_wconf 82' lang='lat' dir='ltr'><strong>Scholiasten</strong></span> <span class='ocrx_word' id='word_1_33' title='bbox 741 625 953 665; x_wconf 72' lang='lat' dir='ltr'>Aristophanis</span> 
     </span>
     <span class='ocr_line' id='line_1_10' title="bbox 241 668 955 707; baseline 0 -10"><span class='ocrx_word' id='word_1_34' title='bbox 241 668 279 696; x_wconf 84' lang='lat' dir='ltr'><strong>ad</strong></span> <span class='ocrx_word' id='word_1_35' title='bbox 296 668 416 703; x_wconf 87' lang='lat' dir='ltr'><strong>Nubes,</strong></span> <span class='ocrx_word' id='word_1_36' title='bbox 432 669 519 706; x_wconf 88' lang='lat' dir='ltr'><strong>cujus</strong></span> <span class='ocrx_word' id='word_1_37' title='bbox 537 669 628 698; x_wconf 87' lang='lat' dir='ltr'><strong>verba</strong></span> <span class='ocrx_word' id='word_1_38' title='bbox 643 669 692 698; x_wconf 89' lang='lat' dir='ltr'><strong>hio</strong></span> <span class='ocrx_word' id='word_1_39' title='bbox 704 679 867 707; x_wconf 74' lang='lat' dir='ltr'><strong>apponam,</strong></span> <span class='ocrx_word' id='word_1_40' title='bbox 884 668 955 707; x_wconf 86' lang='lat' dir='ltr'><strong>quia</strong></span> 
     </span>
     <span class='ocr_line' id='line_1_11' title="bbox 241 709 954 750; baseline 0.001 -11"><span class='ocrx_word' id='word_1_41' title='bbox 241 711 279 739; x_wconf 91' lang='lat' dir='ltr'><strong>ad</strong></span> <span class='ocrx_word' id='word_1_42' title='bbox 296 721 358 740; x_wconf 88' lang='lat' dir='ltr'><strong>rem</strong></span> <span class='ocrx_word' id='word_1_43' title='bbox 375 710 507 740; x_wconf 64' lang='lat' dir='ltr'><strong>maxime</strong></span> <span class='ocrx_word' id='word_1_44' title='bbox 529 711 662 741; x_wconf 81' lang='lat' dir='ltr'><strong>saciant:</strong></span> <span class='ocrx_word' id='word_1_45' title='bbox 684 709 811 745; x_wconf 82' lang='grc' dir='ltr'><em>Καλλίας</em></span> <span class='ocrx_word' id='word_1_46' title='bbox 833 711 861 740; x_wconf 80' lang='grc' dir='ltr'><strong>δὲ</strong></span> <span class='ocrx_word' id='word_1_47' title='bbox 878 711 889 740; x_wconf 83' lang='grc' dir='ltr'>ὁ</span> <span class='ocrx_word' id='word_1_48' title='bbox 906 711 954 750; x_wconf 72' lang='grc' dir='ltr'><strong>δᾳ-</strong></span> 
     </span>
     <span class='ocr_line' id='line_1_12' title="bbox 239 752 954 795; baseline 0.001 -12"><span class='ocrx_word' id='word_1_49' title='bbox 239 753 350 794; x_wconf 75' lang='grc' dir='ltr'><strong>δοῦχος,</strong></span> <span class='ocrx_word' id='word_1_50' title='bbox 374 752 572 793; x_wconf 70' lang='grc' dir='ltr'><em>ωροσελθὼν’</em></span> <span class='ocrx_word' id='word_1_51' title='bbox 563 765 588 783; x_wconf 81' lang='grc' dir='ltr'><strong>εν</strong></span> <span class='ocrx_word' id='word_1_52' title='bbox 610 766 646 784; x_wconf 86' lang='grc' dir='ltr'><strong>τη</strong></span> <span class='ocrx_word' id='word_1_53' title='bbox 674 755 731 793; x_wconf 68' lang='grc' dir='ltr'><em>ἱερᾷ</em></span> <span class='ocrx_word' id='word_1_54' title='bbox 757 754 850 795; x_wconf 68' lang='grc' dir='ltr'><em>στολῇ</em></span> <span class='ocrx_word' id='word_1_55' title='bbox 874 756 954 784; x_wconf 70' lang='grc' dir='ltr'><em>κατὰ</em></span> 
     </span>
     <span class='ocr_line' id='line_1_13' title="bbox 239 795 955 838; baseline 0.001 -13"><span class='ocrx_word' id='word_1_56' title='bbox 239 799 350 838; x_wconf 76' lang='grc' dir='ltr'><em>Περσῶν</em></span> <span class='ocrx_word' id='word_1_57' title='bbox 373 795 398 825; x_wconf 77' lang='grc' dir='ltr'><strong>ἔν</strong></span> <span class='ocrx_word' id='word_1_58' title='bbox 420 797 584 837; x_wconf 71' lang='grc' dir='ltr'><em>Μαραθῶνι,</em></span> <span class='ocrx_word' id='word_1_59' title='bbox 611 796 657 826; x_wconf 78' lang='grc' dir='ltr'><strong>καὶ</strong></span> <span class='ocrx_word' id='word_1_60' title='bbox 684 797 856 837; x_wconf 70' lang='grc' dir='ltr'><strong>ἀριστεύσας</strong></span> <span class='ocrx_word' id='word_1_61' title='bbox 875 799 955 827; x_wconf 72' lang='grc' dir='ltr'><em>κατὰ</em></span> 
     </span>
     <span class='ocr_line' id='line_1_14' title="bbox 239 837 956 893; baseline 0 -24"><span class='ocrx_word' id='word_1_62' title='bbox 239 837 389 893; x_wconf 65' lang='grc' dir='ltr'><em>Εαρςάρων,</em></span> <span class='ocrx_word' id='word_1_63' title='bbox 397 839 444 869; x_wconf 73' lang='grc' dir='ltr'><strong>καὶ</strong></span> <span class='ocrx_word' id='word_1_64' title='bbox 456 839 547 880; x_wconf 88' lang='grc' dir='ltr'><em>τρίτον</em></span> <span class='ocrx_word' id='word_1_65' title='bbox 554 838 707 879; x_wconf 76' lang='grc' dir='ltr'><em>Ολύμπια</em></span> <span class='ocrx_word' id='word_1_66' title='bbox 718 839 832 874; x_wconf 76' lang='grc' dir='ltr'><strong>νικήσας</strong></span> <span class='ocrx_word' id='word_1_67' title='bbox 842 851 956 880; x_wconf 81' lang='grc' dir='ltr'><em>αρματι</em></span> 
     </span>
     <span class='ocr_line' id='line_1_15' title="bbox 239 881 954 922; baseline 0 -10"><span class='ocrx_word' id='word_1_68' title='bbox 239 881 287 912; x_wconf 72' lang='grc' dir='ltr'><strong>τὸν</strong></span> <span class='ocrx_word' id='word_1_69' title='bbox 311 882 364 912; x_wconf 82' lang='grc' dir='ltr'><strong>υἱόν</strong></span> <span class='ocrx_word' id='word_1_70' title='bbox 388 882 542 913; x_wconf 79' lang='grc' dir='ltr'>Ἱππόνικον</span> <span class='ocrx_word' id='word_1_71' title='bbox 568 882 707 922; x_wconf 75' lang='grc' dir='ltr'><em>ὠνόμασε.</em></span> <span class='ocrx_word' id='word_1_72' title='bbox 730 893 820 922; x_wconf 85' lang='lat' dir='ltr'><strong>quam</strong></span> <span class='ocrx_word' id='word_1_73' title='bbox 839 891 954 913; x_wconf 85' lang='lat' dir='ltr'><strong>vestem</strong></span> 
     </span>
     <span class='ocr_line' id='line_1_16' title="bbox 240 925 955 967; baseline 0 -12"><span class='ocrx_word' id='word_1_74' title='bbox 240 925 425 956; x_wconf 78' lang='lat' dir='ltr'><strong>scholiastes</strong></span> <span class='ocrx_word' id='word_1_75' title='bbox 448 926 583 966; x_wconf 85' lang='lat' dir='ltr'><strong>appellat</strong></span> <span class='ocrx_word' id='word_1_76' title='bbox 604 925 673 967; x_wconf 70' lang='grc' dir='ltr'><em>ἱερὰν</em></span> <span class='ocrx_word' id='word_1_77' title='bbox 687 927 804 961; x_wconf 84' lang='grc' dir='ltr'><em>στολην,</em></span> <span class='ocrx_word' id='word_1_78' title='bbox 819 926 955 956; x_wconf 85' lang='lat' dir='ltr'><strong>Andoci-</strong></span> 
     </span>
     <span class='ocr_line' id='line_1_17' title="bbox 238 969 955 1000; baseline 0 -2"><span class='ocrx_word' id='word_1_79' title='bbox 238 969 294 998; x_wconf 88' lang='lat' dir='ltr'><strong>des</strong></span> <span class='ocrx_word' id='word_1_80' title='bbox 315 969 374 998; x_wconf 85' lang='lat' dir='ltr'><strong>hoc</strong></span> <span class='ocrx_word' id='word_1_81' title='bbox 398 969 467 999; x_wconf 86' lang='lat' dir='ltr'><strong>loco</strong></span> <span class='ocrx_word' id='word_1_82' title='bbox 489 969 549 999; x_wconf 90' lang='lat' dir='ltr'><strong>alio</strong></span> <span class='ocrx_word' id='word_1_83' title='bbox 570 969 691 999; x_wconf 85' lang='lat' dir='ltr'><strong>nomine</strong></span> <span class='ocrx_word' id='word_1_84' title='bbox 707 970 805 1000; x_wconf 76' lang='grc' dir='ltr'><em>σκευὴν</em></span> <span class='ocrx_word' id='word_1_85' title='bbox 821 969 955 1000; x_wconf 84' lang='lat' dir='ltr'><strong>vocavit.</strong></span> 
     </span>
     <span class='ocr_line' id='line_1_18' title="bbox 237 1012 401 1042; baseline 0.007 -1"><span class='ocrx_word' id='word_1_86' title='bbox 237 1012 401 1042; x_wconf 53' lang='lat' dir='ltr'><strong>Panum.</strong></span> 
     </span>
    </p>

    <p class='ocr_par' dir='ltr' id='par_1_10' title="bbox 236 1053 954 1481">
     <span class='ocr_line' id='line_1_19' title="bbox 279 1053 954 1096; baseline 0.001 -12"><span class='ocrx_word' id='word_1_87' title='bbox 279 1054 333 1084; x_wconf 80' lang='grc' dir='ltr'><em>Καὶ</em></span> <span class='ocrx_word' id='word_1_88' title='bbox 355 1053 454 1094; x_wconf 69' lang='grc' dir='ltr'><em>’ἔδειξεν</em></span> <span class='ocrx_word' id='word_1_89' title='bbox 467 1053 564 1088; x_wconf 78' lang='grc' dir='ltr'><em>αὐτοῖς</em></span> <span class='ocrx_word' id='word_1_90' title='bbox 579 1053 624 1089; x_wconf 83' lang='grc' dir='ltr'><strong>τίς</strong></span> <span class='ocrx_word' id='word_1_91' title='bbox 638 1055 686 1086; x_wconf 68' lang='grc' dir='ltr'><strong>τὴν</strong></span> <span class='ocrx_word' id='word_1_92' title='bbox 710 1053 862 1096; x_wconf 85' lang='grc' dir='ltr'><em>ἱκετηρίαν]</em></span> <span class='ocrx_word' id='word_1_93' title='bbox 887 1055 954 1085; x_wconf 92' lang='lat' dir='ltr'><strong>Du-</strong></span> 
     </span>
     <span class='ocr_line' id='line_1_20' title="bbox 238 1097 954 1136; baseline 0.004 -10"><span class='ocrx_word' id='word_1_94' title='bbox 238 1097 312 1136; x_wconf 85' lang='lat' dir='ltr'><strong>plex</strong></span> <span class='ocrx_word' id='word_1_95' title='bbox 337 1097 387 1128; x_wconf 86' lang='lat' dir='ltr'><strong>hic</strong></span> <span class='ocrx_word' id='word_1_96' title='bbox 411 1104 460 1129; x_wconf 90' lang='lat' dir='ltr'><strong>est</strong></span> <span class='ocrx_word' id='word_1_97' title='bbox 477 1100 529 1128; x_wconf 86' lang='lat' dir='ltr'><strong>via</strong></span> <span class='ocrx_word' id='word_1_98' title='bbox 552 1098 745 1128; x_wconf 82' lang='lat' dir='ltr'><strong>emendandi.</strong></span> <span class='ocrx_word' id='word_1_99' title='bbox 792 1106 844 1128; x_wconf 90' lang='lat' dir='ltr'><strong>aut</strong></span> <span class='ocrx_word' id='word_1_100' title='bbox 860 1102 890 1128; x_wconf 91' lang='lat'><strong>1.</strong></span> <span class='ocrx_word' id='word_1_101' title='bbox 905 1099 954 1129; x_wconf 76' lang='grc' dir='ltr'><strong>καὶ</strong></span> 
     </span>
     <span class='ocr_line' id='line_1_21' title="bbox 237 1139 954 1182; baseline 0.003 -12"><span class='ocrx_word' id='word_1_102' title='bbox 237 1139 335 1179; x_wconf 72' lang='grc' dir='ltr'><em>ἔδειξεν</em></span> <span class='ocrx_word' id='word_1_103' title='bbox 351 1141 446 1174; x_wconf 76' lang='grc' dir='ltr'><em>αὐτοῖς</em></span> <span class='ocrx_word' id='word_1_104' title='bbox 459 1141 542 1182; x_wconf 90' lang='lat' dir='ltr'><strong>(scil.</strong></span> <span class='ocrx_word' id='word_1_105' title='bbox 559 1141 687 1180; x_wconf 80' lang='grc' dir='ltr'><strong>κειμένην</strong></span> <span class='ocrx_word' id='word_1_106' title='bbox 705 1140 762 1171; x_wconf 65' lang='grc' dir='ltr'><strong>ἐπὶ</strong></span> <span class='ocrx_word' id='word_1_107' title='bbox 785 1153 835 1171; x_wconf 87' lang='grc' dir='ltr'><strong>του</strong></span> <span class='ocrx_word' id='word_1_108' title='bbox 852 1142 954 1181; x_wconf 61' lang='lat' dir='ltr'><strong>Bomoi?</strong></span> 
     </span>
     <span class='ocr_line' id='line_1_22' title="bbox 237 1183 952 1234; baseline 0.001 -21"><span class='ocrx_word' id='word_1_109' title='bbox 237 1194 287 1214; x_wconf 70' lang='lat' dir='ltr'><strong>‘mv</strong></span> <span class='ocrx_word' id='word_1_110' title='bbox 299 1183 452 1234; x_wconf 61' lang='grc' dir='ltr'><strong>ίκΙξΤἉξῦαν)</strong></span> <span class='ocrx_word' id='word_1_111' title='bbox 463 1196 512 1214; x_wconf 65' lang='grc' dir='ltr'><strong>καί</strong></span> <span class='ocrx_word' id='word_1_112' title='bbox 527 1185 620 1225; x_wconf 62' lang='grc' dir='ltr'><em>ἦρώτα,</em></span> <span class='ocrx_word' id='word_1_113' title='bbox 635 1183 679 1218; x_wconf 68' lang='grc' dir='ltr'><strong>Τίς</strong></span> <span class='ocrx_word' id='word_1_114' title='bbox 693 1195 742 1215; x_wconf 72' lang='grc' dir='ltr'><strong>Την</strong></span> <span class='ocrx_word' id='word_1_115' title='bbox 754 1183 890 1224; x_wconf 63' lang='grc' dir='ltr'><strong>ῖκξτῆξίᾶν</strong></span> <span class='ocrx_word' id='word_1_116' title='bbox 900 1196 952 1214; x_wconf 66' lang='grc' dir='ltr'><strong>κα·</strong></span> 
     </span>
     <span class='ocr_line' id='line_1_23' title="bbox 237 1224 952 1267; baseline 0.004 -11"><span class='ocrx_word' id='word_1_117' title='bbox 237 1224 354 1262; x_wconf 51' lang='lat' dir='ltr'><strong>quezin,</strong></span> <span class='ocrx_word' id='word_1_118' title='bbox 385 1228 633 1266; x_wconf 84' lang='lat' dir='ltr'><strong>monstrabatque</strong></span> <span class='ocrx_word' id='word_1_119' title='bbox 671 1228 710 1257; x_wconf 92' lang='lat' dir='ltr'><strong>iis</strong></span> <span class='ocrx_word' id='word_1_120' title='bbox 742 1227 952 1267; x_wconf 88' lang='lat' dir='ltr'><strong>(senatoribus</strong></span> 
     </span>
     <span class='ocr_line' id='line_1_24' title="bbox 237 1269 953 1310; baseline 0.003 -11"><span class='ocrx_word' id='word_1_121' title='bbox 237 1269 327 1310; x_wconf 82' lang='lat' dir='ltr'><strong>puta)</strong></span> <span class='ocrx_word' id='word_1_122' title='bbox 338 1271 488 1309; x_wconf 85' lang='lat' dir='ltr'><strong>jacentem</strong></span> <span class='ocrx_word' id='word_1_123' title='bbox 507 1270 536 1300; x_wconf 92' lang='lat' dir='ltr'><strong>in</strong></span> <span class='ocrx_word' id='word_1_124' title='bbox 554 1281 604 1301; x_wconf 88' lang='lat' dir='ltr'><strong>ara</strong></span> <span class='ocrx_word' id='word_1_125' title='bbox 622 1280 739 1300; x_wconf 88' lang='lat' dir='ltr'><strong>ramum</strong></span> <span class='ocrx_word' id='word_1_126' title='bbox 763 1271 953 1310; x_wconf 81' lang='lat' dir='ltr'><strong>supplicato</strong></span> 
     </span>
     <span class='ocr_line' id='line_1_25' title="bbox 238 1312 952 1353; baseline 0.003 -11"><span class='ocrx_word' id='word_1_127' title='bbox 238 1312 330 1348; x_wconf 89' lang='lat' dir='ltr'><strong>rium,</strong></span> <span class='ocrx_word' id='word_1_128' title='bbox 347 1318 378 1343; x_wconf 89' lang='lat' dir='ltr'><strong>et</strong></span> <span class='ocrx_word' id='word_1_129' title='bbox 399 1314 620 1352; x_wconf 85' lang='lat' dir='ltr'><strong>interrogabat,</strong></span> <span class='ocrx_word' id='word_1_130' title='bbox 636 1314 703 1353; x_wconf 91' lang='lat' dir='ltr'><strong>quis</strong></span> <span class='ocrx_word' id='word_1_131' title='bbox 725 1324 793 1343; x_wconf 91' lang='lat' dir='ltr'><strong>eum</strong></span> <span class='ocrx_word' id='word_1_132' title='bbox 817 1315 952 1353; x_wconf 90' lang='lat' dir='ltr'><strong>deposn-</strong></span> 
     </span>
     <span class='ocr_line' id='line_1_26' title="bbox 238 1355 952 1397; baseline 0.003 -12"><span class='ocrx_word' id='word_1_133' title='bbox 238 1355 329 1385; x_wconf 76' lang='lat' dir='ltr'><strong>isset.</strong></span> <span class='ocrx_word' id='word_1_134' title='bbox 362 1361 415 1386; x_wconf 85' lang='lat' dir='ltr'><strong>aut</strong></span> <span class='ocrx_word' id='word_1_135' title='bbox 431 1359 460 1387; x_wconf 84' lang='grc'><strong>2.</strong></span> <span class='ocrx_word' id='word_1_136' title='bbox 477 1356 524 1385; x_wconf 78' lang='grc' dir='ltr'><strong>καὶ</strong></span> <span class='ocrx_word' id='word_1_137' title='bbox 540 1355 627 1395; x_wconf 76' lang='grc' dir='ltr'><em>ἔδοξεν</em></span> <span class='ocrx_word' id='word_1_138' title='bbox 640 1356 738 1391; x_wconf 74' lang='grc' dir='ltr'><em>αὐτοῖς</em></span> <span class='ocrx_word' id='word_1_139' title='bbox 753 1355 895 1397; x_wconf 72' lang='grc' dir='ltr'><em>ἐπερωτᾷν</em></span> <span class='ocrx_word' id='word_1_140' title='bbox 907 1356 952 1392; x_wconf 86' lang='grc' dir='ltr'><strong>τίς</strong></span> 
     </span>
     <span class='ocr_line' id='line_1_27' title="bbox 237 1397 952 1439; baseline 0.004 -11"><span class='ocrx_word' id='word_1_141' title='bbox 237 1400 287 1430; x_wconf 75' lang='grc' dir='ltr'><strong>την</strong></span> <span class='ocrx_word' id='word_1_142' title='bbox 301 1399 341 1428; x_wconf 86' lang='grc' dir='ltr'><strong>ἱκ.</strong></span> <span class='ocrx_word' id='word_1_143' title='bbox 356 1397 511 1430; x_wconf 67' lang='grc' dir='ltr'><em>καταθείη.</em></span> <span class='ocrx_word' id='word_1_144' title='bbox 536 1404 568 1429; x_wconf 87' lang='lat' dir='ltr'><strong>et</strong></span> <span class='ocrx_word' id='word_1_145' title='bbox 579 1400 678 1429; x_wconf 84' lang='lat' dir='ltr'><strong>visum</strong></span> <span class='ocrx_word' id='word_1_146' title='bbox 695 1399 773 1439; x_wconf 88' lang='lat' dir='ltr'><strong>ipsis</strong></span> <span class='ocrx_word' id='word_1_147' title='bbox 786 1400 841 1429; x_wconf 86' lang='lat' dir='ltr'><strong>fuit</strong></span> <span class='ocrx_word' id='word_1_148' title='bbox 858 1401 952 1431; x_wconf 87' lang='lat' dir='ltr'><strong>iuter-</strong></span> 
     </span>
     <span class='ocr_line' id='line_1_28' title="bbox 236 1442 952 1481; baseline 0.004 -11"><span class='ocrx_word' id='word_1_149' title='bbox 236 1451 358 1480; x_wconf 81' lang='lat' dir='ltr'><strong>rogare,</strong></span> <span class='ocrx_word' id='word_1_150' title='bbox 373 1442 440 1480; x_wconf 90' lang='lat' dir='ltr'><strong>quis</strong></span> <span class='ocrx_word' id='word_1_151' title='bbox 462 1452 576 1472; x_wconf 86' lang='lat' dir='ltr'><strong>ramum</strong></span> <span class='ocrx_word' id='word_1_152' title='bbox 599 1443 804 1481; x_wconf 81' lang='lat' dir='ltr'><strong>deposuisset.</strong></span> <span class='ocrx_word' id='word_1_153' title='bbox 830 1443 952 1474; x_wconf 70' lang='lat' dir='ltr'><strong>REISK.</strong></span> 
     </span>
    </p>

    <p class='ocr_par' dir='ltr' id='par_1_11' title="bbox 234 1483 953 2644">
     <span class='ocr_line' id='line_1_29' title="bbox 280 1483 951 1526; baseline 0.006 -14"><span class='ocrx_word' id='word_1_154' title='bbox 280 1484 333 1513; x_wconf 81' lang='grc' dir='ltr'><em>Καὶ</em></span> <span class='ocrx_word' id='word_1_155' title='bbox 350 1483 494 1523; x_wconf 75' lang='grc' dir='ltr'><em>ἕδειξεν-</em></span> <span class='ocrx_word' id='word_1_156' title='bbox 500 1484 688 1525; x_wconf 80' lang='grc' dir='ltr'><em>μαρτύρησον,</em></span> <span class='ocrx_word' id='word_1_157' title='bbox 699 1485 826 1526; x_wconf 77' lang='grc' dir='ltr'><em>Εὔκλεις]</em></span> <span class='ocrx_word' id='word_1_158' title='bbox 841 1486 874 1515; x_wconf 92' lang='lat' dir='ltr'><strong>Si</strong></span> <span class='ocrx_word' id='word_1_159' title='bbox 885 1487 951 1516; x_wconf 85' lang='lat' dir='ltr'><strong>haec</strong></span> 
     </span>
     <span class='ocr_line' id='line_1_30' title="bbox 237 1528 950 1569; baseline 0.004 -13"><span class='ocrx_word' id='word_1_160' title='bbox 237 1528 331 1556; x_wconf 80' lang='lat' dir='ltr'><strong>verba</strong></span> <span class='ocrx_word' id='word_1_161' title='bbox 340 1538 398 1557; x_wconf 87' lang='lat' dir='ltr'><strong>non</strong></span> <span class='ocrx_word' id='word_1_162' title='bbox 409 1528 518 1557; x_wconf 88' lang='lat' dir='ltr'><strong>melius</strong></span> <span class='ocrx_word' id='word_1_163' title='bbox 528 1529 715 1558; x_wconf 83' lang='lat' dir='ltr'><strong>intellexerit</strong></span> <span class='ocrx_word' id='word_1_164' title='bbox 725 1529 851 1564; x_wconf 86' lang='lat' dir='ltr'><strong>Eucles,</strong></span> <span class='ocrx_word' id='word_1_165' title='bbox 861 1540 950 1569; x_wconf 89' lang='lat' dir='ltr'><strong>quarn</strong></span> 
     </span>
     <span class='ocr_line' id='line_1_31' title="bbox 236 1570 952 1609; baseline 0.004 -10"><span class='ocrx_word' id='word_1_166' title='bbox 236 1580 293 1599; x_wconf 86' lang='lat' dir='ltr'><strong>nos</strong></span> <span class='ocrx_word' id='word_1_167' title='bbox 308 1570 517 1609; x_wconf 78' lang='lat' dir='ltr'><strong>intelligimus,</strong></span> <span class='ocrx_word' id='word_1_168' title='bbox 533 1582 573 1601; x_wconf 82' lang='lat' dir='ltr'><strong>ex</strong></span> <span class='ocrx_word' id='word_1_169' title='bbox 589 1571 660 1600; x_wconf 89' lang='lat' dir='ltr'><strong>boni</strong></span> <span class='ocrx_word' id='word_1_170' title='bbox 678 1572 737 1602; x_wconf 88' lang='lat' dir='ltr'><strong>viri</strong></span> <span class='ocrx_word' id='word_1_171' title='bbox 749 1571 848 1601; x_wconf 80' lang='lat' dir='ltr'><strong>officio</strong></span> <span class='ocrx_word' id='word_1_172' title='bbox 865 1573 952 1602; x_wconf 86' lang='lat' dir='ltr'><strong>testi-</strong></span> 
     </span>
     <span class='ocr_line' id='line_1_32' title="bbox 235 1613 951 1652; baseline 0.004 -10"><span class='ocrx_word' id='word_1_173' title='bbox 235 1613 369 1643; x_wconf 80' lang='lat' dir='ltr'><strong>monium</strong></span> <span class='ocrx_word' id='word_1_174' title='bbox 391 1614 495 1643; x_wconf 85' lang='lat' dir='ltr'><strong>dicere</strong></span> <span class='ocrx_word' id='word_1_175' title='bbox 518 1625 576 1644; x_wconf 89' lang='lat' dir='ltr'><strong>non</strong></span> <span class='ocrx_word' id='word_1_176' title='bbox 594 1615 706 1652; x_wconf 84' lang='lat' dir='ltr'><strong>potuit.</strong></span> <span class='ocrx_word' id='word_1_177' title='bbox 750 1615 856 1645; x_wconf 82' lang='lat' dir='ltr'><strong>Priora</strong></span> <span class='ocrx_word' id='word_1_178' title='bbox 876 1615 951 1645; x_wconf 82' lang='lat' dir='ltr'><strong>mihi</strong></span> 
     </span>
     <span class='ocr_line' id='line_1_33' title="bbox 236 1657 952 1696; baseline 0.004 -11"><span class='ocrx_word' id='word_1_179' title='bbox 236 1657 310 1686; x_wconf 80' lang='lat' dir='ltr'><strong>satis</strong></span> <span class='ocrx_word' id='word_1_180' title='bbox 327 1657 527 1696; x_wconf 83' lang='lat' dir='ltr'><strong>probabiliter</strong></span> <span class='ocrx_word' id='word_1_181' title='bbox 538 1668 555 1688; x_wconf 93' lang='lat' dir='ltr'><strong>a</strong></span> <span class='ocrx_word' id='word_1_182' title='bbox 568 1657 700 1687; x_wconf 82' lang='lat' dir='ltr'><strong>Reiskio</strong></span> <span class='ocrx_word' id='word_1_183' title='bbox 712 1659 872 1688; x_wconf 87' lang='lat' dir='ltr'><strong>emendata</strong></span> <span class='ocrx_word' id='word_1_184' title='bbox 885 1659 952 1688; x_wconf 89' lang='lat' dir='ltr'><strong>visa</strong></span> 
     </span>
     <span class='ocr_line' id='line_1_34' title="bbox 235 1701 952 1740; baseline 0.004 -12"><span class='ocrx_word' id='word_1_185' title='bbox 235 1704 324 1729; x_wconf 86' lang='lat' dir='ltr'><strong>sunt:</strong></span> <span class='ocrx_word' id='word_1_186' title='bbox 348 1701 379 1729; x_wconf 92' lang='lat' dir='ltr'><strong>in</strong></span> <span class='ocrx_word' id='word_1_187' title='bbox 402 1710 488 1740; x_wconf 87' lang='lat' dir='ltr'><strong>seqq.</strong></span> <span class='ocrx_word' id='word_1_188' title='bbox 513 1701 606 1731; x_wconf 90' lang='lat' dir='ltr'><strong>verba</strong></span> <span class='ocrx_word' id='word_1_189' title='bbox 629 1702 768 1739; x_wconf 84' lang='lat' dir='ltr'><strong>quaedam</strong></span> <span class='ocrx_word' id='word_1_190' title='bbox 795 1702 952 1732; x_wconf 84' lang='lat' dir='ltr'><strong>excidisse</strong></span> 
     </span>
     <span class='ocr_line' id='line_1_35' title="bbox 235 1742 952 1783; baseline 0.004 -12"><span class='ocrx_word' id='word_1_191' title='bbox 235 1742 354 1781; x_wconf 86' lang='lat' dir='ltr'><strong>putavi,</strong></span> <span class='ocrx_word' id='word_1_192' title='bbox 371 1743 414 1772; x_wconf 89' lang='lat' dir='ltr'><strong>ita</strong></span> <span class='ocrx_word' id='word_1_193' title='bbox 430 1743 560 1773; x_wconf 81' lang='lat' dir='ltr'><strong>fortasse</strong></span> <span class='ocrx_word' id='word_1_194' title='bbox 576 1743 776 1779; x_wconf 82' lang='lat' dir='ltr'><strong>restituenda,</strong></span> <span class='ocrx_word' id='word_1_195' title='bbox 797 1742 952 1783; x_wconf 75' lang='grc' dir='ltr'><em>ἐπεξελθὼν</em></span> 
     </span>
     <span class='ocr_line' id='line_1_36' title="bbox 235 1785 951 1827; baseline 0.003 -12"><span class='ocrx_word' id='word_1_196' title='bbox 235 1785 344 1820; x_wconf 74' lang='grc' dir='ltr'><em>Εὐκλῆς</em></span> <span class='ocrx_word' id='word_1_197' title='bbox 354 1785 447 1816; x_wconf 75' lang='grc' dir='ltr'><em>οὑτοσὶ</em></span> <span class='ocrx_word' id='word_1_198' title='bbox 461 1787 548 1816; x_wconf 76' lang='grc' dir='ltr'><strong><em>πάλιν</em></strong></span> <span class='ocrx_word' id='word_1_199' title='bbox 563 1785 665 1817; x_wconf 78' lang='grc' dir='ltr'><em>ταύτὸν</em></span> <span class='ocrx_word' id='word_1_200' title='bbox 679 1787 782 1827; x_wconf 72' lang='grc' dir='ltr'><em>ἠρώτα,</em></span> <span class='ocrx_word' id='word_1_201' title='bbox 795 1798 863 1826; x_wconf 86' lang='lat' dir='ltr'><strong>quae</strong></span> <span class='ocrx_word' id='word_1_202' title='bbox 876 1788 951 1817; x_wconf 90' lang='lat' dir='ltr'><strong>omi-</strong></span> 
     </span>
     <span class='ocr_line' id='line_1_37' title="bbox 236 1829 951 1869; baseline 0.003 -11"><span class='ocrx_word' id='word_1_203' title='bbox 236 1829 311 1858; x_wconf 89' lang='lat' dir='ltr'><strong>serit</strong></span> <span class='ocrx_word' id='word_1_204' title='bbox 337 1829 493 1864; x_wconf 83' lang='lat' dir='ltr'><strong>librarius,</strong></span> <span class='ocrx_word' id='word_1_205' title='bbox 520 1830 672 1869; x_wconf 85' lang='lat' dir='ltr'><strong>deceptus</strong></span> <span class='ocrx_word' id='word_1_206' title='bbox 700 1831 951 1868; x_wconf 86' lang='lat' dir='ltr'><strong>sequentibus—-</strong></span> 
     </span>
     <span class='ocr_line' id='line_1_38' title="bbox 234 1871 951 1912; baseline 0.006 -12"><span class='ocrx_word' id='word_1_207' title='bbox 234 1871 316 1901; x_wconf 73' lang='grc' dir='ltr'><em>κάλει</em></span> <span class='ocrx_word' id='word_1_208' title='bbox 338 1871 420 1901; x_wconf 74' lang='grc' dir='ltr'><em>αὑτὸν</em></span> <span class='ocrx_word' id='word_1_209' title='bbox 436 1875 547 1912; x_wconf 72' lang='grc' dir='ltr'><em>πρῶτα.</em></span> <span class='ocrx_word' id='word_1_210' title='bbox 596 1874 727 1903; x_wconf 78' lang='lat' dir='ltr'><strong>Luzacio</strong></span> <span class='ocrx_word' id='word_1_211' title='bbox 743 1874 785 1903; x_wconf 91' lang='lat' dir='ltr'><strong>ita</strong></span> <span class='ocrx_word' id='word_1_212' title='bbox 801 1873 888 1903; x_wconf 88' lang='lat' dir='ltr'><strong>locus</strong></span> <span class='ocrx_word' id='word_1_213' title='bbox 905 1874 951 1904; x_wconf 88' lang='lat' dir='ltr'><strong>vi-</strong></span> 
     </span>
     <span class='ocr_line' id='line_1_39' title="bbox 237 1914 949 1956; baseline 0.003 -13"><span class='ocrx_word' id='word_1_214' title='bbox 237 1914 327 1944; x_wconf 88' lang='lat' dir='ltr'><strong>detur</strong></span> <span class='ocrx_word' id='word_1_215' title='bbox 341 1915 590 1944; x_wconf 81' lang='lat' dir='ltr'><strong>constituendus:</strong></span> <span class='ocrx_word' id='word_1_216' title='bbox 614 1916 667 1945; x_wconf 77' lang='grc' dir='ltr'><em>Καῖ</em></span> <span class='ocrx_word' id='word_1_217' title='bbox 688 1915 774 1954; x_wconf 75' lang='grc' dir='ltr'><em>ἔδοξεν</em></span> <span class='ocrx_word' id='word_1_218' title='bbox 796 1915 949 1956; x_wconf 75' lang='grc' dir='ltr'><em>ἀνακρίνειν,</em></span> 
     </span>
     <span class='ocr_line' id='line_1_40' title="bbox 235 1956 950 1997; baseline 0.004 -11"><span class='ocrx_word' id='word_1_219' title='bbox 235 1956 280 1991; x_wconf 86' lang='grc' dir='ltr'><strong>τίς</strong></span> <span class='ocrx_word' id='word_1_220' title='bbox 299 1959 346 1988; x_wconf 74' lang='grc' dir='ltr'><strong>τὴν</strong></span> <span class='ocrx_word' id='word_1_221' title='bbox 361 1956 498 1997; x_wconf 86' lang='grc' dir='ltr'><em>ἱκετηρίαν</em></span> <span class='ocrx_word' id='word_1_222' title='bbox 517 1957 671 1988; x_wconf 59' lang='grc' dir='ltr'><em>καταθείη·</em></span> <span class='ocrx_word' id='word_1_223' title='bbox 692 1959 740 1987; x_wconf 81' lang='grc' dir='ltr'><strong>καὶ</strong></span> <span class='ocrx_word' id='word_1_224' title='bbox 764 1958 847 1992; x_wconf 78' lang='grc' dir='ltr'><em>οὐδεὶς</em></span> <span class='ocrx_word' id='word_1_225' title='bbox 870 1959 950 1989; x_wconf 63' lang='grc' dir='ltr'><strong>ὑπή-</strong></span> 
     </span>
     <span class='ocr_line' id='line_1_41' title="bbox 235 1999 952 2041; baseline 0.003 -12"><span class='ocrx_word' id='word_1_226' title='bbox 235 2009 321 2030; x_wconf 89' lang='grc' dir='ltr'><em>κουεν.</em></span> <span class='ocrx_word' id='word_1_227' title='bbox 345 2001 427 2038; x_wconf 79' lang='grc' dir='ltr'><em>ημεῖς</em></span> <span class='ocrx_word' id='word_1_228' title='bbox 447 2000 475 2030; x_wconf 80' lang='grc' dir='ltr'><strong>δὲ</strong></span> <span class='ocrx_word' id='word_1_229' title='bbox 500 2000 703 2040; x_wconf 69' lang='grc' dir='ltr'><em>ωαρὲστημεν,</em></span> <span class='ocrx_word' id='word_1_230' title='bbox 718 2001 765 2030; x_wconf 74' lang='grc' dir='ltr'><strong>καὶ</strong></span> <span class='ocrx_word' id='word_1_231' title='bbox 782 1999 860 2036; x_wconf 74' lang='grc' dir='ltr'><em>οὗτος</em></span> <span class='ocrx_word' id='word_1_232' title='bbox 875 2003 952 2041; x_wconf 69' lang='grc' dir='ltr'><strong>ἡμᾶς</strong></span> 
     </span>
     <span class='ocr_line' id='line_1_42' title="bbox 236 2042 951 2086; baseline 0.003 -13"><span class='ocrx_word' id='word_1_233' title='bbox 236 2044 337 2082; x_wconf 74' lang='grc' dir='ltr'><em>ἧρωτα</em></span> <span class='ocrx_word' id='word_1_234' title='bbox 356 2042 447 2074; x_wconf 72' lang='grc' dir='ltr'><em>ἐπειδὴ</em></span> <span class='ocrx_word' id='word_1_235' title='bbox 464 2042 492 2074; x_wconf 76' lang='grc' dir='ltr'><strong>δὲ</strong></span> <span class='ocrx_word' id='word_1_236' title='bbox 514 2043 595 2077; x_wconf 70' lang='grc' dir='ltr'><em>οὐδείς</em></span> <span class='ocrx_word' id='word_1_237' title='bbox 617 2044 765 2080; x_wconf 66' lang='grc' dir='ltr'><em>ὑπήκουεν,</em></span> <span class='ocrx_word' id='word_1_238' title='bbox 787 2044 835 2073; x_wconf 78' lang='grc' dir='ltr'><strong>καὶ</strong></span> <span class='ocrx_word' id='word_1_239' title='bbox 855 2044 951 2086; x_wconf 70' lang='grc' dir='ltr'><em>ᾤχετο</em></span> 
     </span>
     <span class='ocr_line' id='line_1_43' title="bbox 235 2085 952 2126; baseline 0.004 -12"><span class='ocrx_word' id='word_1_240' title='bbox 235 2086 336 2120; x_wconf 67' lang='grc' dir='ltr'><em>εἰσίων,</em></span> <span class='ocrx_word' id='word_1_241' title='bbox 351 2086 509 2126; x_wconf 69' lang='grc' dir='ltr'><em>ὑπεξῆλθεν</em></span> <span class='ocrx_word' id='word_1_242' title='bbox 525 2087 631 2121; x_wconf 68' lang='grc' dir='ltr'><em>Εὐκλῆς</em></span> <span class='ocrx_word' id='word_1_243' title='bbox 652 2085 754 2117; x_wconf 74' lang='grc' dir='ltr'><em>οὑτοσί·</em></span> <span class='ocrx_word' id='word_1_244' title='bbox 771 2099 818 2117; x_wconf 81' lang='grc' dir='ltr'><strong>και</strong></span> <span class='ocrx_word' id='word_1_245' title='bbox 833 2088 883 2126; x_wconf 84' lang='grc' dir='ltr'><strong>μοὶ</strong></span> <span class='ocrx_word' id='word_1_246' title='bbox 900 2088 952 2117; x_wconf 74' lang='grc' dir='ltr'><em>κίι-</em></span> 
     </span>
     <span class='ocr_line' id='line_1_44' title="bbox 236 2129 951 2170; baseline 0.006 -13"><span class='ocrx_word' id='word_1_247' title='bbox 236 2134 279 2158; x_wconf 85' lang='grc' dir='ltr'><strong>λει</strong></span> <span class='ocrx_word' id='word_1_248' title='bbox 308 2129 401 2159; x_wconf 78' lang='grc' dir='ltr'><em>αυτόν.</em></span> <span class='ocrx_word' id='word_1_249' title='bbox 446 2129 486 2160; x_wconf 80' lang='lat' dir='ltr'><strong>Et</strong></span> <span class='ocrx_word' id='word_1_250' title='bbox 507 2136 658 2170; x_wconf 84' lang='lat' dir='ltr'><strong>postquam</strong></span> <span class='ocrx_word' id='word_1_251' title='bbox 685 2130 799 2160; x_wconf 69' lang='lat' dir='ltr'><strong>dixisset</strong></span> <span class='ocrx_word' id='word_1_252' title='bbox 827 2131 951 2167; x_wconf 78' lang='lat' dir='ltr'><strong>Callias,</strong></span> 
     </span>
     <span class='ocr_line' id='line_1_45' title="bbox 235 2172 953 2215; baseline 0.004 -14"><span class='ocrx_word' id='word_1_253' title='bbox 235 2172 328 2201; x_wconf 80' lang='lat' dir='ltr'><strong>visum</strong></span> <span class='ocrx_word' id='word_1_254' title='bbox 352 2177 394 2202; x_wconf 82' lang='lat' dir='ltr'><strong>est</strong></span> <span class='ocrx_word' id='word_1_255' title='bbox 414 2174 539 2208; x_wconf 76' lang='lat' dir='ltr'><strong>senatui,</strong></span> <span class='ocrx_word' id='word_1_256' title='bbox 560 2174 740 2214; x_wconf 79' lang='lat' dir='ltr'><strong>quaestionem</strong></span> <span class='ocrx_word' id='word_1_257' title='bbox 761 2173 874 2209; x_wconf 80' lang='lat' dir='ltr'><strong>habere,</strong></span> <span class='ocrx_word' id='word_1_258' title='bbox 891 2177 953 2215; x_wconf 83' lang='lat' dir='ltr'><strong>quis</strong></span> 
     </span>
     <span class='ocr_line' id='line_1_46' title="bbox 236 2215 952 2255; baseline 0.004 -11"><span class='ocrx_word' id='word_1_259' title='bbox 236 2225 352 2244; x_wconf 75' lang='lat' dir='ltr'><strong>ramum</strong></span> <span class='ocrx_word' id='word_1_260' title='bbox 368 2216 551 2255; x_wconf 76' lang='lat' dir='ltr'><strong>deposuisset.</strong></span> <span class='ocrx_word' id='word_1_261' title='bbox 596 2215 688 2246; x_wconf 83' lang='lat' dir='ltr'><strong>Nemo</strong></span> <span class='ocrx_word' id='word_1_262' title='bbox 708 2220 806 2246; x_wconf 87' lang='lat' dir='ltr'><strong>autem</strong></span> <span class='ocrx_word' id='word_1_263' title='bbox 821 2217 860 2246; x_wconf 83' lang='lat' dir='ltr'><strong>ad</strong></span> <span class='ocrx_word' id='word_1_264' title='bbox 877 2217 952 2248; x_wconf 81' lang='lat' dir='ltr'><strong>hanc</strong></span> 
     </span>
     <span class='ocr_line' id='line_1_47' title="bbox 236 2258 952 2298; baseline 0.004 -11"><span class='ocrx_word' id='word_1_265' title='bbox 236 2259 417 2298; x_wconf 76' lang='lat' dir='ltr'><strong>quaestionem</strong></span> <span class='ocrx_word' id='word_1_266' title='bbox 432 2260 588 2298; x_wconf 80' lang='lat' dir='ltr'><strong>respondit.</strong></span> <span class='ocrx_word' id='word_1_267' title='bbox 628 2258 689 2289; x_wconf 79' lang='lat' dir='ltr'><strong>Nos</strong></span> <span class='ocrx_word' id='word_1_268' title='bbox 703 2270 768 2290; x_wconf 85' lang='lat' dir='ltr'><strong>vero</strong></span> <span class='ocrx_word' id='word_1_269' title='bbox 782 2261 869 2290; x_wconf 75' lang='lat' dir='ltr'><strong>citati</strong></span> <span class='ocrx_word' id='word_1_270' title='bbox 884 2261 952 2290; x_wconf 83' lang='lat' dir='ltr'><strong>ade-</strong></span> 
     </span>
     <span class='ocr_line' id='line_1_48' title="bbox 235 2301 952 2344; baseline 0.006 -15"><span class='ocrx_word' id='word_1_271' title='bbox 235 2311 348 2330; x_wconf 81' lang='lat' dir='ltr'><strong>ramus.</strong></span> <span class='ocrx_word' id='word_1_272' title='bbox 396 2301 501 2342; x_wconf 81' lang='lat' dir='ltr'><strong>Itaque</strong></span> <span class='ocrx_word' id='word_1_273' title='bbox 516 2308 544 2332; x_wconf 82' lang='lat' dir='ltr'><strong>et</strong></span> <span class='ocrx_word' id='word_1_274' title='bbox 561 2312 609 2332; x_wconf 81' lang='lat' dir='ltr'><strong>uos</strong></span> <span class='ocrx_word' id='word_1_275' title='bbox 625 2302 736 2333; x_wconf 80' lang='lat' dir='ltr'><strong>Callias</strong></span> <span class='ocrx_word' id='word_1_276' title='bbox 751 2304 952 2344; x_wconf 80' lang='lat' dir='ltr'><strong>interrogavit.</strong></span> 
     </span>
     <span class='ocr_line' id='line_1_49' title="bbox 238 2343 952 2387; baseline 0.006 -14"><span class='ocrx_word' id='word_1_277' title='bbox 238 2343 314 2373; x_wconf 84' lang='lat' dir='ltr'><strong>Cum</strong></span> <span class='ocrx_word' id='word_1_278' title='bbox 338 2351 436 2375; x_wconf 81' lang='lat' dir='ltr'><strong>autem</strong></span> <span class='ocrx_word' id='word_1_279' title='bbox 462 2355 542 2375; x_wconf 75' lang='lat' dir='ltr'><strong>nemo</strong></span> <span class='ocrx_word' id='word_1_280' title='bbox 562 2348 739 2384; x_wconf 68' lang='lat' dir='ltr'><strong>vesponsione</strong></span> <span class='ocrx_word' id='word_1_281' title='bbox 758 2356 812 2376; x_wconf 83' lang='lat' dir='ltr'><strong>sua</strong></span> <span class='ocrx_word' id='word_1_282' title='bbox 825 2345 952 2387; x_wconf 68' lang='lat' dir='ltr'><strong>fuctum</strong></span> 
     </span>
     <span class='ocr_line' id='line_1_50' title="bbox 235 2388 952 2426; baseline 0.009 -12"><span class='ocrx_word' id='word_1_283' title='bbox 235 2388 408 2426; x_wconf 75' lang='lat' dir='ltr'><strong>agnovisset,</strong></span> <span class='ocrx_word' id='word_1_284' title='bbox 423 2389 482 2426; x_wconf 81' lang='lat' dir='ltr'><strong>ipse</strong></span> <span class='ocrx_word' id='word_1_285' title='bbox 496 2399 560 2418; x_wconf 81' lang='lat' dir='ltr'><strong>vero</strong></span> <span class='ocrx_word' id='word_1_286' title='bbox 578 2389 713 2418; x_wconf 70' lang='lat' dir='ltr'><strong>Callias</strong></span> <span class='ocrx_word' id='word_1_287' title='bbox 703 2400 735 2419; x_wconf 76' lang='grc' dir='ltr'><strong>ιη</strong></span> <span class='ocrx_word' id='word_1_288' title='bbox 749 2396 883 2420; x_wconf 75' lang='lat' dir='ltr'><strong>senatum</strong></span> <span class='ocrx_word' id='word_1_289' title='bbox 907 2401 952 2420; x_wconf 83' lang='lat' dir='ltr'><strong>re-</strong></span> 
     </span>
     <span class='ocr_line' id='line_1_51' title="bbox 237 2429 953 2469; baseline 0.007 -11"><span class='ocrx_word' id='word_1_290' title='bbox 237 2429 346 2465; x_wconf 79' lang='lat' dir='ltr'><strong>diisset,</strong></span> <span class='ocrx_word' id='word_1_291' title='bbox 358 2432 426 2460; x_wconf 74' lang='lat' dir='ltr'><strong>eaiit</strong></span> <span class='ocrx_word' id='word_1_292' title='bbox 444 2432 511 2461; x_wconf 82' lang='lat' dir='ltr'><strong>inde</strong></span> <span class='ocrx_word' id='word_1_293' title='bbox 529 2431 645 2462; x_wconf 85' lang='lat' dir='ltr'><strong>Eucles.</strong></span> <span class='ocrx_word' id='word_1_294' title='bbox 692 2432 792 2469; x_wconf 91' lang='lat' dir='ltr'><strong>Quam</strong></span> <span class='ocrx_word' id='word_1_295' title='bbox 808 2434 953 2463; x_wconf 84' lang='lat' dir='ltr'><strong>emenda-</strong></span> 
     </span>
     <span class='ocr_line' id='line_1_52' title="bbox 237 2472 951 2516; baseline 0.006 -15"><span class='ocrx_word' id='word_1_296' title='bbox 237 2472 351 2502; x_wconf 79' lang='lat' dir='ltr'><strong>tionem</strong></span> <span class='ocrx_word' id='word_1_297' title='bbox 369 2474 433 2502; x_wconf 85' lang='lat' dir='ltr'><strong>veri</strong></span> <span class='ocrx_word' id='word_1_298' title='bbox 451 2474 563 2505; x_wconf 89' lang='lat' dir='ltr'><strong>habere</strong></span> <span class='ocrx_word' id='word_1_299' title='bbox 586 2475 734 2513; x_wconf 80' lang='lat' dir='ltr'><strong>speciem,</strong></span> <span class='ocrx_word' id='word_1_300' title='bbox 756 2486 856 2512; x_wconf 90' lang='lat' dir='ltr'><strong>nemo,</strong></span> <span class='ocrx_word' id='word_1_301' title='bbox 882 2476 951 2516; x_wconf 90' lang='lat' dir='ltr'><strong>opi-</strong></span> 
     </span>
     <span class='ocr_line' id='line_1_53' title="bbox 236 2516 952 2560; baseline 0.006 -16"><span class='ocrx_word' id='word_1_302' title='bbox 236 2525 306 2551; x_wconf 85' lang='lat' dir='ltr'><strong>nor,</strong></span> <span class='ocrx_word' id='word_1_303' title='bbox 334 2516 524 2547; x_wconf 86' lang='lat' dir='ltr'><strong>diffitebitur.</strong></span> <span class='ocrx_word' id='word_1_304' title='bbox 569 2517 721 2548; x_wconf 87' lang='lat' dir='ltr'><strong>Caeterum</strong></span> <span class='ocrx_word' id='word_1_305' title='bbox 749 2518 803 2549; x_wconf 81' lang='lat' dir='ltr'><strong>illa</strong></span> <span class='ocrx_word' id='word_1_306' title='bbox 829 2518 952 2560; x_wconf 85' lang='grc' dir='ltr'><em>ἱκετηρία</em></span> 
     </span>
     <span class='ocr_line' id='line_1_54' title="bbox 237 2560 952 2599; baseline 0.007 -11"><span class='ocrx_word' id='word_1_307' title='bbox 237 2564 303 2589; x_wconf 85' lang='lat' dir='ltr'><strong>erat</strong></span> <span class='ocrx_word' id='word_1_308' title='bbox 320 2569 421 2589; x_wconf 80' lang='lat' dir='ltr'><strong>ramus</strong></span> <span class='ocrx_word' id='word_1_309' title='bbox 443 2561 518 2589; x_wconf 85' lang='lat' dir='ltr'><strong>oleae</strong></span> <span class='ocrx_word' id='word_1_310' title='bbox 540 2560 608 2590; x_wconf 85' lang='lat' dir='ltr'><strong>lana</strong></span> <span class='ocrx_word' id='word_1_311' title='bbox 629 2561 807 2597; x_wconf 83' lang='lat' dir='ltr'><strong>obvolutus,</strong></span> <span class='ocrx_word' id='word_1_312' title='bbox 825 2563 904 2599; x_wconf 79' lang='lat' dir='ltr'><strong>sive,</strong></span> <span class='ocrx_word' id='word_1_313' title='bbox 920 2568 952 2593; x_wconf 91' lang='lat' dir='ltr'><strong>ut</strong></span> 
     </span>
     <span class='ocr_line' id='line_1_55' title="bbox 235 2601 882 2644; baseline 0.006 -13"><span class='ocrx_word' id='word_1_314' title='bbox 235 2601 380 2644; x_wconf 80' lang='lat' dir='ltr'><strong>AEscbyli</strong></span> <span class='ocrx_word' id='word_1_315' title='bbox 394 2603 498 2633; x_wconf 85' lang='lat' dir='ltr'><strong>verbis</strong></span> <span class='ocrx_word' id='word_1_316' title='bbox 514 2609 593 2639; x_wconf 84' lang='lat' dir='ltr'><strong>utar,</strong></span> <span class='ocrx_word' id='word_1_317' title='bbox 609 2604 773 2635; x_wconf 89' lang='lat' dir='ltr'><strong>Eumenid.</strong></span> <span class='ocrx_word' id='word_1_318' title='bbox 787 2615 817 2634; x_wconf 76' lang='grc' dir='ltr'><strong>ν.</strong></span> <span class='ocrx_word' id='word_1_319' title='bbox 830 2608 882 2637; x_wconf 85' lang='grc'><strong>43.</strong></span> 
     </span>
    </p>
   </div>
   <div class='ocr_carea' id='block_1_10' title="bbox 278 2687 364 2693">
    <p class='ocr_par' dir='ltr' id='par_1_12' title="bbox 278 2687 364 2693">
     <span class='ocr_line' id='line_1_56' title="bbox 278 2687 364 2693; baseline 0 0"><span class='ocrx_word' id='word_1_320' title='bbox 278 2687 364 2693; x_wconf 95' lang='lat' dir='ltr'><strong> </strong></span> 
     </span>
    </p>
   </div>
   <div class='ocr_carea' id='block_1_11' title="bbox 278 2668 855 2797">
    <p class='ocr_par' dir='ltr' id='par_1_13' title="bbox 278 2668 855 2796">
     <span class='ocr_line' id='line_1_57' title="bbox 372 2668 795 2709; baseline 0.005 -10.053"><span class='ocrx_word' id='word_1_321' title='bbox 372 2668 488 2705; x_wconf 81' lang='grc' dir='ltr'><em>Ἐλαίας</em></span> <span class='ocrx_word' id='word_1_322' title='bbox 502 2669 680 2709; x_wconf 69' lang='grc' dir='ltr'><em>ὑψιγέννητος</em></span> <span class='ocrx_word' id='word_1_323' title='bbox 693 2672 795 2706; x_wconf 73' lang='grc' dir='ltr'><em>κλάδος</em></span> 
     </span>
     <span class='ocr_line' id='line_1_58' title="bbox 278 2713 855 2764; baseline 0.002 -21"><span class='ocrx_word' id='word_1_324' title='bbox 278 2714 354 2743; x_wconf 74' lang='grc' dir='ltr'><strong><em>Λῆνει</em></strong></span> <span class='ocrx_word' id='word_1_325' title='bbox 368 2713 503 2752; x_wconf 77' lang='grc' dir='ltr'><strong>μεγίστῳ</strong></span> <span class='ocrx_word' id='word_1_326' title='bbox 506 2713 660 2764; x_wconf 30' lang='grc' dir='ltr'><em>*σωφρόνως</em></span> <span class='ocrx_word' id='word_1_327' title='bbox 673 2713 855 2755; x_wconf 76' lang='grc' dir='ltr'><strong><em>ἐστεμμένος</em></strong></span> 
     </span>
     <span class='ocr_line' id='line_1_59' title="bbox 278 2754 584 2797; baseline 0 -11"><span class='ocrx_word' id='word_1_328' title='bbox 278 2754 394 2796; x_wconf 77' lang='grc' dir='ltr'><em>Ἀργῆτι</em></span> <span class='ocrx_word' id='word_1_329' title='bbox 410 2757 532 2797; x_wconf 73' lang='grc' dir='ltr'><em>μαλλῷ.</em></span> <span class='ocrx_word' id='word_1_330' title='bbox 543 2775 584 2780; x_wconf 93' lang='lat'><strong>——</strong></span> 
     </span>
    </p>
   </div>
   <div class='ocr_carea' id='block_1_12' title="bbox 233 2815 951 3073">
    <p class='ocr_par' dir='ltr' id='par_1_14' title="bbox 233 2815 951 3073">
     <span class='ocr_line' id='line_1_60' title="bbox 235 2815 949 2857; baseline 0.003 -12"><span class='ocrx_word' id='word_1_331' title='bbox 235 2815 377 2855; x_wconf 80' lang='lat' dir='ltr'><strong>idemque</strong></span> <span class='ocrx_word' id='word_1_332' title='bbox 394 2816 534 2856; x_wconf 87' lang='lat' dir='ltr'><strong>Supplic.</strong></span> <span class='ocrx_word' id='word_1_333' title='bbox 549 2828 578 2846; x_wconf 92' lang='lat' dir='ltr'><strong>v.</strong></span> <span class='ocrx_word' id='word_1_334' title='bbox 591 2818 665 2847; x_wconf 78' lang='grc'><strong>345.</strong></span> <span class='ocrx_word' id='word_1_335' title='bbox 681 2817 735 2846; x_wconf 74' lang='lat' dir='ltr'><strong>has</strong></span> <span class='ocrx_word' id='word_1_336' title='bbox 749 2817 886 2857; x_wconf 76' lang='grc' dir='ltr'><em>ἱκετηρίας</em></span> <span class='ocrx_word' id='word_1_337' title='bbox 897 2828 949 2847; x_wconf 83' lang='grc' dir='ltr'><strong><em>νο-</em></strong></span> 
     </span>
     <span class='ocr_line' id='line_1_61' title="bbox 234 2858 950 2899; baseline 0 -10"><span class='ocrx_word' id='word_1_338' title='bbox 234 2865 283 2889; x_wconf 83' lang='lat' dir='ltr'><strong>cat</strong></span> <span class='ocrx_word' id='word_1_339' title='bbox 300 2862 499 2898; x_wconf 67' lang='grc' dir='ltr'><em>λευκοστεφεῖς</em></span> <span class='ocrx_word' id='word_1_340' title='bbox 513 2858 695 2899; x_wconf 76' lang='grc' dir='ltr'><em>νεοθρὲωτους</em></span> <span class='ocrx_word' id='word_1_341' title='bbox 709 2860 837 2895; x_wconf 74' lang='grc' dir='ltr'><em>κλάδους·</em></span> <span class='ocrx_word' id='word_1_342' title='bbox 860 2865 890 2889; x_wconf 75' lang='lat' dir='ltr'><strong>et</strong></span> <span class='ocrx_word' id='word_1_343' title='bbox 908 2861 950 2889; x_wconf 81' lang='lat' dir='ltr'><strong>si-</strong></span> 
     </span>
     <span class='ocr_line' id='line_1_62' title="bbox 233 2903 948 2943; baseline 0.001 -11"><span class='ocrx_word' id='word_1_344' title='bbox 233 2903 347 2932; x_wconf 87' lang='lat' dir='ltr'><strong>militer</strong></span> <span class='ocrx_word' id='word_1_345' title='bbox 364 2904 420 2932; x_wconf 82' lang='lat' dir='ltr'><strong>hoo</strong></span> <span class='ocrx_word' id='word_1_346' title='bbox 437 2914 512 2932; x_wconf 85' lang='lat' dir='ltr'><strong>voca</strong></span> <span class='ocrx_word' id='word_1_347' title='bbox 526 2904 619 2932; x_wconf 82' lang='lat' dir='ltr'><strong>›uluin</strong></span> <span class='ocrx_word' id='word_1_348' title='bbox 637 2903 801 2943; x_wconf 85' lang='lat' dir='ltr'><strong>exponitur</strong></span> <span class='ocrx_word' id='word_1_349' title='bbox 814 2904 850 2932; x_wconf 87' lang='lat' dir='ltr'><strong>ab</strong></span> <span class='ocrx_word' id='word_1_350' title='bbox 869 2904 948 2933; x_wconf 83' lang='lat' dir='ltr'><strong>Har-</strong></span> 
     </span>
     <span class='ocr_line' id='line_1_63' title="bbox 233 2946 951 2984; baseline 0.001 -9"><span class='ocrx_word' id='word_1_351' title='bbox 233 2946 413 2984; x_wconf 83' lang='lat' dir='ltr'><strong>pocratione</strong></span> <span class='ocrx_word' id='word_1_352' title='bbox 429 2951 458 2975; x_wconf 86' lang='lat' dir='ltr'><strong>et</strong></span> <span class='ocrx_word' id='word_1_353' title='bbox 475 2946 571 2976; x_wconf 81' lang='lat' dir='ltr'><strong>Suida</strong></span> <span class='ocrx_word' id='word_1_354' title='bbox 589 2947 618 2975; x_wconf 91' lang='lat' dir='ltr'><strong>in</strong></span> <span class='ocrx_word' id='word_1_355' title='bbox 637 2957 666 2976; x_wconf 88' lang='lat' dir='ltr'><strong>v.</strong></span> <span class='ocrx_word' id='word_1_356' title='bbox 704 2946 877 2976; x_wconf 83' lang='lat' dir='ltr'><strong>Scholiasta</strong></span> <span class='ocrx_word' id='word_1_357' title='bbox 893 2947 951 2976; x_wconf 90' lang='lat' dir='ltr'><strong>So-</strong></span> 
     </span>
     <span class='ocr_line' id='line_1_64' title="bbox 233 2989 946 3029; baseline 0.001 -11"><span class='ocrx_word' id='word_1_358' title='bbox 233 2989 353 3027; x_wconf 86' lang='lat' dir='ltr'><strong>phoclis</strong></span> <span class='ocrx_word' id='word_1_359' title='bbox 374 2990 411 3019; x_wconf 80' lang='lat' dir='ltr'><strong>ad</strong></span> <span class='ocrx_word' id='word_1_360' title='bbox 436 2989 509 3019; x_wconf 90' lang='lat' dir='ltr'><strong>OEd.</strong></span> <span class='ocrx_word' id='word_1_361' title='bbox 524 2989 597 3028; x_wconf 80' lang='lat' dir='ltr'><strong>Tyr.</strong></span> <span class='ocrx_word' id='word_1_362' title='bbox 611 3000 641 3021; x_wconf 91' lang='lat' dir='ltr'><strong>v.</strong></span> <span class='ocrx_word' id='word_1_363' title='bbox 658 2992 690 3022; x_wconf 84' lang='grc'><strong>3.</strong></span> <span class='ocrx_word' id='word_1_364' title='bbox 730 2989 887 3029; x_wconf 86' lang='lat' dir='ltr'><strong>Euripidis</strong></span> <span class='ocrx_word' id='word_1_365' title='bbox 910 2990 946 3019; x_wconf 84' lang='lat' dir='ltr'><strong>ad</strong></span> 
     </span>
     <span class='ocr_line' id='line_1_65' title="bbox 233 3032 947 3073; baseline 0.003 -11"><span class='ocrx_word' id='word_1_366' title='bbox 233 3032 378 3064; x_wconf 78' lang='lat' dir='ltr'><strong>Orestem</strong></span> <span class='ocrx_word' id='word_1_367' title='bbox 390 3043 418 3064; x_wconf 85' lang='lat' dir='ltr'><strong>v.</strong></span> <span class='ocrx_word' id='word_1_368' title='bbox 431 3034 504 3064; x_wconf 79' lang='lat'><strong>383.</strong></span> <span class='ocrx_word' id='word_1_369' title='bbox 529 3033 694 3073; x_wconf 82' lang='lat' dir='ltr'><strong>Supplices</strong></span> <span class='ocrx_word' id='word_1_370' title='bbox 709 3033 756 3064; x_wconf 82' lang='lat' dir='ltr'><strong>his</strong></span> <span class='ocrx_word' id='word_1_371' title='bbox 770 3033 861 3064; x_wconf 80' lang='lat' dir='ltr'><strong>ramis</strong></span> <span class='ocrx_word' id='word_1_372' title='bbox 874 3043 947 3064; x_wconf 81' lang='lat' dir='ltr'><strong>usos</strong></span> 
     </span>
    </p>
   </div>
   <div class='ocr_carea' id='block_1_13' title="bbox 984 624 1701 1816">
    <p class='ocr_par' dir='ltr' id='par_1_15' title="bbox 984 624 1701 1816">
     <span class='ocr_line' id='line_1_66' title="bbox 986 624 1701 665; baseline 0.003 -11"><span class='ocrx_word' id='word_1_373' title='bbox 986 624 1094 659; x_wconf 82' lang='lat' dir='ltr'><strong>fuisse,</strong></span> <span class='ocrx_word' id='word_1_374' title='bbox 1114 635 1165 654; x_wconf 89' lang='lat' dir='ltr'><strong>res</strong></span> <span class='ocrx_word' id='word_1_375' title='bbox 1190 629 1239 654; x_wconf 76' lang='lat' dir='ltr'><strong>est</strong></span> <span class='ocrx_word' id='word_1_376' title='bbox 1262 624 1337 654; x_wconf 88' lang='lat' dir='ltr'><strong>satis</strong></span> <span class='ocrx_word' id='word_1_377' title='bbox 1361 630 1449 655; x_wconf 87' lang='lat' dir='ltr'><strong>nota:</strong></span> <span class='ocrx_word' id='word_1_378' title='bbox 1474 624 1575 665; x_wconf 85' lang='lat' dir='ltr'><strong>iisque</strong></span> <span class='ocrx_word' id='word_1_379' title='bbox 1590 635 1701 665; x_wconf 84' lang='lat' dir='ltr'><strong>genua,</strong></span> 
     </span>
     <span class='ocr_line' id='line_1_67' title="bbox 987 669 1701 708; baseline 0.004 -12"><span class='ocrx_word' id='word_1_380' title='bbox 987 678 1104 702; x_wconf 87' lang='lat' dir='ltr'><strong>manus,</strong></span> <span class='ocrx_word' id='word_1_381' title='bbox 1119 673 1313 706; x_wconf 87' lang='lat' dir='ltr'><strong>mentumque</strong></span> <span class='ocrx_word' id='word_1_382' title='bbox 1338 669 1500 706; x_wconf 83' lang='lat' dir='ltr'><strong>tangebant</strong></span> <span class='ocrx_word' id='word_1_383' title='bbox 1515 670 1594 708; x_wconf 85' lang='lat' dir='ltr'><strong>ejus,</strong></span> <span class='ocrx_word' id='word_1_384' title='bbox 1610 679 1701 708; x_wconf 87' lang='lat' dir='ltr'><strong>quem</strong></span> 
     </span>
     <span class='ocr_line' id='line_1_68' title="bbox 988 710 1701 751; baseline 0.004 -12"><span class='ocrx_word' id='word_1_385' title='bbox 988 712 1125 740; x_wconf 81' lang='lat' dir='ltr'><strong>orabant.</strong></span> <span class='ocrx_word' id='word_1_386' title='bbox 1150 710 1220 740; x_wconf 84' lang='lat' dir='ltr'><strong>Vid.</strong></span> <span class='ocrx_word' id='word_1_387' title='bbox 1251 711 1426 749; x_wconf 86' lang='lat' dir='ltr'><strong>Euripidem</strong></span> <span class='ocrx_word' id='word_1_388' title='bbox 1453 713 1556 751; x_wconf 77' lang='lat' dir='ltr'><strong>Ipliig.</strong></span> <span class='ocrx_word' id='word_1_389' title='bbox 1581 712 1652 742; x_wconf 88' lang='lat' dir='ltr'><strong>Aul.</strong></span> <span class='ocrx_word' id='word_1_390' title='bbox 1667 723 1701 742; x_wconf 85' lang='lat' dir='ltr'><strong>v.</strong></span> 
     </span>
     <span class='ocr_line' id='line_1_69' title="bbox 989 753 1700 789; baseline 0.003 -7"><span class='ocrx_word' id='word_1_391' title='bbox 989 755 1084 784; x_wconf 80' lang='grc'><strong>1216.</strong></span> <span class='ocrx_word' id='word_1_392' title='bbox 1100 753 1226 783; x_wconf 87' lang='lat' dir='ltr'><strong>Heracl.</strong></span> <span class='ocrx_word' id='word_1_393' title='bbox 1245 764 1273 783; x_wconf 92' lang='lat' dir='ltr'><strong>v.</strong></span> <span class='ocrx_word' id='word_1_394' title='bbox 1291 756 1365 784; x_wconf 82' lang='grc'><strong>227.</strong></span> <span class='ocrx_word' id='word_1_395' title='bbox 1387 759 1418 784; x_wconf 89' lang='lat' dir='ltr'><strong>et</strong></span> <span class='ocrx_word' id='word_1_396' title='bbox 1443 755 1637 789; x_wconf 79' lang='lat' dir='ltr'><strong>Scholiasten</strong></span> <span class='ocrx_word' id='word_1_397' title='bbox 1660 755 1700 784; x_wconf 86' lang='lat' dir='ltr'><strong>ad</strong></span> 
     </span>
     <span class='ocr_line' id='line_1_70' title="bbox 987 797 1701 828; baseline 0.003 -2"><span class='ocrx_word' id='word_1_398' title='bbox 987 797 1138 826; x_wconf 83' lang='lat' dir='ltr'><strong>Androm.</strong></span> <span class='ocrx_word' id='word_1_399' title='bbox 1152 807 1179 826; x_wconf 86' lang='grc' dir='ltr'><strong>ν.</strong></span> <span class='ocrx_word' id='word_1_400' title='bbox 1194 799 1268 827; x_wconf 83' lang='grc'><strong>895.</strong></span> <span class='ocrx_word' id='word_1_401' title='bbox 1313 798 1391 826; x_wconf 83' lang='lat' dir='ltr'><strong>Item</strong></span> <span class='ocrx_word' id='word_1_402' title='bbox 1406 797 1435 827; x_wconf 92' lang='lat' dir='ltr'><strong>in</strong></span> <span class='ocrx_word' id='word_1_403' title='bbox 1452 799 1513 827; x_wconf 79' lang='lat' dir='ltr'><strong>aris</strong></span> <span class='ocrx_word' id='word_1_404' title='bbox 1528 808 1628 828; x_wconf 86' lang='lat' dir='ltr'><strong>ramos</strong></span> <span class='ocrx_word' id='word_1_405' title='bbox 1644 798 1701 828; x_wconf 88' lang='lat' dir='ltr'><strong>de-</strong></span> 
     </span>
     <span class='ocr_line' id='line_1_71' title="bbox 988 839 1701 881; baseline 0.006 -14"><span class='ocrx_word' id='word_1_406' title='bbox 988 839 1060 878; x_wconf 89' lang='lat' dir='ltr'><strong>poni</strong></span> <span class='ocrx_word' id='word_1_407' title='bbox 1081 839 1200 874; x_wconf 87' lang='lat' dir='ltr'><strong>solitos,</strong></span> <span class='ocrx_word' id='word_1_408' title='bbox 1219 839 1317 878; x_wconf 84' lang='lat' dir='ltr'><strong>liquet</strong></span> <span class='ocrx_word' id='word_1_409' title='bbox 1330 851 1367 869; x_wconf 81' lang='lat' dir='ltr'><strong>ex</strong></span> <span class='ocrx_word' id='word_1_410' title='bbox 1384 840 1523 879; x_wconf 86' lang='lat' dir='ltr'><strong>AEschyli</strong></span> <span class='ocrx_word' id='word_1_411' title='bbox 1539 841 1652 881; x_wconf 89' lang='lat' dir='ltr'><strong>Suppl.</strong></span> <span class='ocrx_word' id='word_1_412' title='bbox 1668 844 1701 871; x_wconf 85' lang='lat' dir='ltr'><strong>et</strong></span> 
     </span>
     <span class='ocr_line' id='line_1_72' title="bbox 987 882 1701 923; baseline 0.004 -11"><span class='ocrx_word' id='word_1_413' title='bbox 987 883 1150 922; x_wconf 84' lang='lat' dir='ltr'><strong>Sophoclis</strong></span> <span class='ocrx_word' id='word_1_414' title='bbox 1164 883 1196 912; x_wconf 92' lang='lat' dir='ltr'><strong>ll.</strong></span> <span class='ocrx_word' id='word_1_415' title='bbox 1210 882 1276 912; x_wconf 84' lang='lat' dir='ltr'><strong>citt.</strong></span> <span class='ocrx_word' id='word_1_416' title='bbox 1294 882 1451 922; x_wconf 86' lang='lat' dir='ltr'><strong>Euripidis</strong></span> <span class='ocrx_word' id='word_1_417' title='bbox 1463 884 1573 923; x_wconf 87' lang='lat' dir='ltr'><strong>Snppl.</strong></span> <span class='ocrx_word' id='word_1_418' title='bbox 1584 895 1614 914; x_wconf 73' lang='lat' dir='ltr'><strong>V.</strong></span> <span class='ocrx_word' id='word_1_419' title='bbox 1626 885 1701 915; x_wconf 73' lang='lat'><strong>124.</strong></span> 
     </span>
     <span class='ocr_line' id='line_1_73' title="bbox 987 926 1701 965; baseline 0.004 -11"><span class='ocrx_word' id='word_1_420' title='bbox 987 935 1111 965; x_wconf 89' lang='lat' dir='ltr'><strong>eosque,</strong></span> <span class='ocrx_word' id='word_1_421' title='bbox 1126 935 1159 955; x_wconf 87' lang='lat' dir='ltr'><strong>re</strong></span> <span class='ocrx_word' id='word_1_422' title='bbox 1172 936 1229 955; x_wconf 91' lang='lat' dir='ltr'><strong>non</strong></span> <span class='ocrx_word' id='word_1_423' title='bbox 1245 926 1407 964; x_wconf 82' lang='lat' dir='ltr'><strong>impetrata</strong></span> <span class='ocrx_word' id='word_1_424' title='bbox 1420 927 1579 963; x_wconf 85' lang='lat' dir='ltr'><strong>abeuntes,</strong></span> <span class='ocrx_word' id='word_1_425' title='bbox 1593 927 1623 957; x_wconf 89' lang='lat' dir='ltr'><strong>in</strong></span> <span class='ocrx_word' id='word_1_426' title='bbox 1639 927 1701 957; x_wconf 84' lang='lat' dir='ltr'><strong>aris</strong></span> 
     </span>
     <span class='ocr_line' id='line_1_74' title="bbox 988 969 1700 1010; baseline 0.003 -12"><span class='ocrx_word' id='word_1_427' title='bbox 988 969 1213 1008; x_wconf 80' lang='lat' dir='ltr'><strong>relinquebant.</strong></span> <span class='ocrx_word' id='word_1_428' title='bbox 1237 969 1311 999; x_wconf 91' lang='lat' dir='ltr'><strong>Vid.</strong></span> <span class='ocrx_word' id='word_1_429' title='bbox 1326 969 1401 999; x_wconf 89' lang='lat' dir='ltr'><strong>ibid.</strong></span> <span class='ocrx_word' id='word_1_430' title='bbox 1421 981 1450 1000; x_wconf 83' lang='lat' dir='ltr'><strong>v.</strong></span> <span class='ocrx_word' id='word_1_431' title='bbox 1467 971 1542 1001; x_wconf 87' lang='grc'><strong>258.</strong></span> <span class='ocrx_word' id='word_1_432' title='bbox 1555 970 1700 1010; x_wconf 82' lang='lat' dir='ltr'><strong>-Apud</strong></span> 
     </span>
     <span class='ocr_line' id='line_1_75' title="bbox 990 1011 1701 1052; baseline 0.003 -11"><span class='ocrx_word' id='word_1_433' title='bbox 990 1011 1172 1052; x_wconf 77' lang='lat' dir='ltr'><strong>Dionysium</strong></span> <span class='ocrx_word' id='word_1_434' title='bbox 1186 1011 1343 1042; x_wconf 77' lang='lat' dir='ltr'><strong>Halicarn.</strong></span> <span class='ocrx_word' id='word_1_435' title='bbox 1358 1012 1378 1041; x_wconf 95' lang='lat' dir='ltr'><strong>l.</strong></span> <span class='ocrx_word' id='word_1_436' title='bbox 1393 1013 1420 1043; x_wconf 92' lang='lat' dir='ltr'><strong>I.</strong></span> <span class='ocrx_word' id='word_1_437' title='bbox 1432 1023 1463 1052; x_wconf 88' lang='lat' dir='ltr'><strong>p.</strong></span> <span class='ocrx_word' id='word_1_438' title='bbox 1478 1015 1528 1044; x_wconf 89' lang='lat'><strong>16.</strong></span> <span class='ocrx_word' id='word_1_439' title='bbox 1543 1024 1572 1043; x_wconf 89' lang='lat' dir='ltr'><strong>v.</strong></span> <span class='ocrx_word' id='word_1_440' title='bbox 1586 1014 1617 1043; x_wconf 89' lang='lat'><strong>9.</strong></span> <span class='ocrx_word' id='word_1_441' title='bbox 1639 1013 1701 1043; x_wconf 81' lang='lat' dir='ltr'><strong>Pe-</strong></span> 
     </span>
     <span class='ocr_line' id='line_1_76' title="bbox 987 1054 1701 1096; baseline 0.003 -12"><span class='ocrx_word' id='word_1_442' title='bbox 987 1054 1076 1094; x_wconf 86' lang='lat' dir='ltr'><strong>lasgi,</strong></span> <span class='ocrx_word' id='word_1_443' title='bbox 1094 1055 1124 1085; x_wconf 91' lang='lat' dir='ltr'><strong>in</strong></span> <span class='ocrx_word' id='word_1_444' title='bbox 1139 1054 1227 1094; x_wconf 85' lang='lat' dir='ltr'><strong>pacis</strong></span> <span class='ocrx_word' id='word_1_445' title='bbox 1241 1065 1276 1084; x_wconf 86' lang='lat' dir='ltr'><strong>ac</strong></span> <span class='ocrx_word' id='word_1_446' title='bbox 1289 1055 1457 1086; x_wconf 85' lang='lat' dir='ltr'><strong>deditionis</strong></span> <span class='ocrx_word' id='word_1_447' title='bbox 1471 1055 1602 1096; x_wconf 87' lang='lat' dir='ltr'><strong>signum,</strong></span> <span class='ocrx_word' id='word_1_448' title='bbox 1616 1056 1701 1086; x_wconf 82' lang='lat' dir='ltr'><strong>Abo-</strong></span> 
     </span>
     <span class='ocr_line' id='line_1_77' title="bbox 987 1098 1701 1136; baseline 0.003 -9"><span class='ocrx_word' id='word_1_449' title='bbox 987 1098 1120 1136; x_wconf 80' lang='lat' dir='ltr'><strong>riginum</strong></span> <span class='ocrx_word' id='word_1_450' title='bbox 1142 1098 1291 1128; x_wconf 77' lang='lat' dir='ltr'><strong>exercitui</strong></span> <span class='ocrx_word' id='word_1_451' title='bbox 1315 1099 1436 1128; x_wconf 89' lang='lat' dir='ltr'><strong>obviam</strong></span> <span class='ocrx_word' id='word_1_452' title='bbox 1457 1103 1532 1129; x_wconf 88' lang='lat' dir='ltr'><strong>eunt</strong></span> <span class='ocrx_word' id='word_1_453' title='bbox 1554 1098 1701 1136; x_wconf 79' lang='lat' dir='ltr'><strong>inermes,</strong></span> 
     </span>
     <span class='ocr_line' id='line_1_78' title="bbox 987 1139 1700 1182; baseline 0.003 -12"><span class='ocrx_word' id='word_1_454' title='bbox 987 1140 1125 1182; x_wconf 79' lang='grc' dir='ltr'><em>ἱκετηρίας</em></span> <span class='ocrx_word' id='word_1_455' title='bbox 1137 1139 1329 1182; x_wconf 78' lang='grc' dir='ltr'><em>προτείνοντες.</em></span> <span class='ocrx_word' id='word_1_456' title='bbox 1362 1142 1445 1178; x_wconf 83' lang='lat' dir='ltr'><strong>Quin</strong></span> <span class='ocrx_word' id='word_1_457' title='bbox 1461 1147 1492 1172; x_wconf 87' lang='lat' dir='ltr'><strong>et</strong></span> <span class='ocrx_word' id='word_1_458' title='bbox 1502 1141 1608 1180; x_wconf 81' lang='lat' dir='ltr'><strong>legati,</strong></span> <span class='ocrx_word' id='word_1_459' title='bbox 1623 1152 1700 1182; x_wconf 85' lang='lat' dir='ltr'><strong>sup-</strong></span> 
     </span>
     <span class='ocr_line' id='line_1_79' title="bbox 985 1183 1700 1225; baseline 0.004 -12"><span class='ocrx_word' id='word_1_460' title='bbox 985 1184 1111 1223; x_wconf 88' lang='lat' dir='ltr'><strong>pliciter</strong></span> <span class='ocrx_word' id='word_1_461' title='bbox 1134 1185 1276 1224; x_wconf 89' lang='lat' dir='ltr'><strong>petendae</strong></span> <span class='ocrx_word' id='word_1_462' title='bbox 1301 1183 1347 1214; x_wconf 87' lang='lat' dir='ltr'><strong>rei</strong></span> <span class='ocrx_word' id='word_1_463' title='bbox 1372 1185 1469 1225; x_wconf 85' lang='lat' dir='ltr'><strong>gratia</strong></span> <span class='ocrx_word' id='word_1_464' title='bbox 1488 1185 1526 1215; x_wconf 86' lang='lat' dir='ltr'><strong>ad</strong></span> <span class='ocrx_word' id='word_1_465' title='bbox 1550 1185 1700 1225; x_wconf 78' lang='lat' dir='ltr'><strong>populum</strong></span> 
     </span>
     <span class='ocr_line' id='line_1_80' title="bbox 985 1227 1698 1268; baseline 0.003 -12"><span class='ocrx_word' id='word_1_466' title='bbox 985 1237 1130 1266; x_wconf 84' lang='lat' dir='ltr'><strong>regemve</strong></span> <span class='ocrx_word' id='word_1_467' title='bbox 1157 1227 1345 1268; x_wconf 87' lang='lat' dir='ltr'><strong>quempiam,</strong></span> <span class='ocrx_word' id='word_1_468' title='bbox 1374 1228 1443 1258; x_wconf 85' lang='lat' dir='ltr'><strong>sive</strong></span> <span class='ocrx_word' id='word_1_469' title='bbox 1474 1228 1513 1258; x_wconf 88' lang='lat' dir='ltr'><strong>ad</strong></span> <span class='ocrx_word' id='word_1_470' title='bbox 1536 1228 1698 1266; x_wconf 86' lang='lat' dir='ltr'><strong>victorem,</strong></span> 
     </span>
     <span class='ocr_line' id='line_1_81' title="bbox 986 1270 1700 1309; baseline 0.003 -9"><span class='ocrx_word' id='word_1_471' title='bbox 986 1270 1160 1306; x_wconf 70' lang='lat' dir='ltr'><strong>venientes,</strong></span> <span class='ocrx_word' id='word_1_472' title='bbox 1177 1270 1350 1309; x_wconf 87' lang='lat' dir='ltr'><strong>hujusmodi</strong></span> <span class='ocrx_word' id='word_1_473' title='bbox 1365 1271 1459 1301; x_wconf 82' lang='lat' dir='ltr'><strong>ramis</strong></span> <span class='ocrx_word' id='word_1_474' title='bbox 1482 1276 1568 1301; x_wconf 90' lang='lat' dir='ltr'><strong>erant</strong></span> <span class='ocrx_word' id='word_1_475' title='bbox 1583 1271 1700 1302; x_wconf 86' lang='lat' dir='ltr'><strong>instru-</strong></span> 
     </span>
     <span class='ocr_line' id='line_1_82' title="bbox 985 1313 1700 1350; baseline 0.004 -8"><span class='ocrx_word' id='word_1_476' title='bbox 985 1313 1047 1350; x_wconf 81' lang='lat' dir='ltr'><strong>cti3</strong></span> <span class='ocrx_word' id='word_1_477' title='bbox 1070 1314 1167 1344; x_wconf 80' lang='lat' dir='ltr'><strong>vetuti</strong></span> <span class='ocrx_word' id='word_1_478' title='bbox 1191 1315 1403 1344; x_wconf 82' lang='lat' dir='ltr'><strong>Thebanorum</strong></span> <span class='ocrx_word' id='word_1_479' title='bbox 1429 1314 1468 1343; x_wconf 88' lang='lat' dir='ltr'><strong>ad</strong></span> <span class='ocrx_word' id='word_1_480' title='bbox 1491 1315 1630 1345; x_wconf 87' lang='lat' dir='ltr'><strong>Arcades</strong></span> <span class='ocrx_word' id='word_1_481' title='bbox 1654 1314 1700 1345; x_wconf 87' lang='lat' dir='ltr'><strong>le-</strong></span> 
     </span>
     <span class='ocr_line' id='line_1_83' title="bbox 985 1356 1699 1396; baseline 0.004 -11"><span class='ocrx_word' id='word_1_482' title='bbox 985 1356 1048 1394; x_wconf 90' lang='lat' dir='ltr'><strong>gati</strong></span> <span class='ocrx_word' id='word_1_483' title='bbox 1065 1357 1145 1395; x_wconf 87' lang='lat' dir='ltr'><strong>apud</strong></span> <span class='ocrx_word' id='word_1_484' title='bbox 1167 1356 1353 1387; x_wconf 85' lang='lat' dir='ltr'><strong>Dinarchum</strong></span> <span class='ocrx_word' id='word_1_485' title='bbox 1369 1358 1399 1387; x_wconf 91' lang='lat' dir='ltr'><strong>in</strong></span> <span class='ocrx_word' id='word_1_486' title='bbox 1417 1357 1579 1387; x_wconf 89' lang='lat' dir='ltr'><strong>Demosth.</strong></span> <span class='ocrx_word' id='word_1_487' title='bbox 1596 1367 1627 1396; x_wconf 88' lang='grc' dir='ltr'><strong>Ρ.</strong></span> <span class='ocrx_word' id='word_1_488' title='bbox 1645 1358 1699 1388; x_wconf 76' lang='grc'><strong>92.</strong></span> 
     </span>
     <span class='ocr_line' id='line_1_84' title="bbox 986 1400 1699 1440; baseline 0.003 -12"><span class='ocrx_word' id='word_1_489' title='bbox 986 1409 1017 1429; x_wconf 88' lang='lat' dir='ltr'><strong>v.</strong></span> <span class='ocrx_word' id='word_1_490' title='bbox 1034 1401 1086 1430; x_wconf 84' lang='grc'><strong>28.</strong></span> <span class='ocrx_word' id='word_1_491' title='bbox 1108 1400 1269 1437; x_wconf 82' lang='lat' dir='ltr'><strong>Jugurthae</strong></span> <span class='ocrx_word' id='word_1_492' title='bbox 1294 1401 1331 1430; x_wconf 90' lang='lat' dir='ltr'><strong>ad</strong></span> <span class='ocrx_word' id='word_1_493' title='bbox 1353 1400 1516 1430; x_wconf 88' lang='lat' dir='ltr'><strong>Metellum</strong></span> <span class='ocrx_word' id='word_1_494' title='bbox 1530 1400 1613 1440; x_wconf 79' lang='lat' dir='ltr'><strong>apud</strong></span> <span class='ocrx_word' id='word_1_495' title='bbox 1631 1400 1699 1430; x_wconf 76' lang='lat' dir='ltr'>Sal-</span> 
     </span>
     <span class='ocr_line' id='line_1_85' title="bbox 984 1441 1700 1482; baseline 0.001 -11"><span class='ocrx_word' id='word_1_496' title='bbox 984 1441 1108 1471; x_wconf 90' lang='lat' dir='ltr'><strong>lustium</strong></span> <span class='ocrx_word' id='word_1_497' title='bbox 1123 1443 1157 1471; x_wconf 88' lang='lat' dir='ltr'><strong>B.</strong></span> <span class='ocrx_word' id='word_1_498' title='bbox 1169 1442 1242 1482; x_wconf 84' lang='lat' dir='ltr'><strong>Jug.</strong></span> <span class='ocrx_word' id='word_1_499' title='bbox 1255 1453 1321 1482; x_wconf 86' lang='lat' dir='ltr'><strong>cap.</strong></span> <span class='ocrx_word' id='word_1_500' title='bbox 1332 1446 1385 1473; x_wconf 83' lang='lat'><strong>46.</strong></span> <span class='ocrx_word' id='word_1_501' title='bbox 1407 1443 1522 1473; x_wconf 90' lang='lat' dir='ltr'><strong>AEneas</strong></span> <span class='ocrx_word' id='word_1_502' title='bbox 1537 1443 1616 1482; x_wconf 91' lang='lat' dir='ltr'><strong>apud</strong></span> <span class='ocrx_word' id='word_1_503' title='bbox 1630 1443 1700 1473; x_wconf 82' lang='lat' dir='ltr'><strong>vir-</strong></span> 
     </span>
     <span class='ocr_line' id='line_1_86' title="bbox 986 1485 1699 1523; baseline 0.001 -9"><span class='ocrx_word' id='word_1_504' title='bbox 986 1485 1092 1523; x_wconf 87' lang='lat' dir='ltr'><strong>gilium</strong></span> <span class='ocrx_word' id='word_1_505' title='bbox 1109 1485 1181 1515; x_wconf 89' lang='lat' dir='ltr'><strong>AEu.</strong></span> <span class='ocrx_word' id='word_1_506' title='bbox 1197 1486 1218 1516; x_wconf 83' lang='lat' dir='ltr'><strong>l.</strong></span> <span class='ocrx_word' id='word_1_507' title='bbox 1232 1486 1307 1515; x_wconf 88' lang='lat' dir='ltr'><strong>VII.</strong></span> <span class='ocrx_word' id='word_1_508' title='bbox 1318 1497 1347 1517; x_wconf 87' lang='lat' dir='ltr'><strong>v.</strong></span> <span class='ocrx_word' id='word_1_509' title='bbox 1365 1486 1439 1516; x_wconf 78' lang='lat'><strong>154.</strong></span> <span class='ocrx_word' id='word_1_510' title='bbox 1463 1488 1608 1516; x_wconf 88' lang='lat' dir='ltr'><strong>Oratores</strong></span> <span class='ocrx_word' id='word_1_511' title='bbox 1626 1496 1699 1516; x_wconf 87' lang='lat' dir='ltr'><strong>oen-</strong></span> 
     </span>
     <span class='ocr_line' id='line_1_87' title="bbox 985 1529 1700 1560; baseline 0.001 -3"><span class='ocrx_word' id='word_1_512' title='bbox 985 1533 1047 1557; x_wconf 89' lang='lat' dir='ltr'><strong>tum</strong></span> <span class='ocrx_word' id='word_1_513' title='bbox 1063 1529 1100 1557; x_wconf 92' lang='lat' dir='ltr'><strong>ad</strong></span> <span class='ocrx_word' id='word_1_514' title='bbox 1120 1529 1259 1558; x_wconf 86' lang='lat' dir='ltr'><strong>Latinum</strong></span> <span class='ocrx_word' id='word_1_515' title='bbox 1276 1529 1371 1559; x_wconf 77' lang='lat' dir='ltr'><strong>mittit</strong></span> <span class='ocrx_word' id='word_1_516' title='bbox 1385 1530 1475 1559; x_wconf 82' lang='lat' dir='ltr'><strong>ramis</strong></span> <span class='ocrx_word' id='word_1_517' title='bbox 1494 1529 1601 1560; x_wconf 81' lang='lat' dir='ltr'><strong>velatos</strong></span> <span class='ocrx_word' id='word_1_518' title='bbox 1627 1529 1700 1558; x_wconf 76' lang='lat' dir='ltr'><strong>Pal-</strong></span> 
     </span>
     <span class='ocr_line' id='line_1_88' title="bbox 986 1571 1699 1611; baseline 0.006 -11"><span class='ocrx_word' id='word_1_519' title='bbox 986 1571 1062 1600; x_wconf 84' lang='lat' dir='ltr'><strong>ladis</strong></span> <span class='ocrx_word' id='word_1_520' title='bbox 1077 1582 1181 1606; x_wconf 82' lang='lat' dir='ltr'><strong>omnes,</strong></span> <span class='ocrx_word' id='word_1_521' title='bbox 1197 1572 1234 1601; x_wconf 85' lang='lat' dir='ltr'><strong>ad</strong></span> <span class='ocrx_word' id='word_1_522' title='bbox 1248 1583 1277 1611; x_wconf 84' lang='lat' dir='ltr'><strong>q.</strong></span> <span class='ocrx_word' id='word_1_523' title='bbox 1294 1572 1317 1602; x_wconf 91' lang='lat' dir='ltr'><strong>l.</strong></span> <span class='ocrx_word' id='word_1_524' title='bbox 1330 1571 1392 1601; x_wconf 88' lang='lat' dir='ltr'><strong>vid.</strong></span> <span class='ocrx_word' id='word_1_525' title='bbox 1409 1573 1565 1611; x_wconf 82' lang='lat' dir='ltr'><strong>Heynius.</strong></span> <span class='ocrx_word' id='word_1_526' title='bbox 1609 1571 1699 1603; x_wconf 81' lang='lat' dir='ltr'><strong>conf.</strong></span> 
     </span>
     <span class='ocr_line' id='line_1_89' title="bbox 985 1613 1699 1645; baseline 0.003 -2"><span class='ocrx_word' id='word_1_527' title='bbox 985 1613 1008 1644; x_wconf 93' lang='lat' dir='ltr'><strong>l.</strong></span> <span class='ocrx_word' id='word_1_528' title='bbox 1025 1613 1087 1644; x_wconf 92' lang='lat' dir='ltr'><strong>XI.</strong></span> <span class='ocrx_word' id='word_1_529' title='bbox 1104 1625 1135 1644; x_wconf 85' lang='lat' dir='ltr'><strong>v.</strong></span> <span class='ocrx_word' id='word_1_530' title='bbox 1150 1617 1224 1644; x_wconf 87' lang='lat'><strong>101.</strong></span> <span class='ocrx_word' id='word_1_531' title='bbox 1264 1615 1371 1645; x_wconf 84' lang='lat' dir='ltr'><strong>Poetis</strong></span> <span class='ocrx_word' id='word_1_532' title='bbox 1382 1615 1426 1645; x_wconf 87' lang='lat' dir='ltr'><strong>illi</strong></span> <span class='ocrx_word' id='word_1_533' title='bbox 1441 1616 1532 1645; x_wconf 83' lang='lat' dir='ltr'><strong>olivae</strong></span> <span class='ocrx_word' id='word_1_534' title='bbox 1547 1614 1623 1645; x_wconf 89' lang='lat' dir='ltr'><strong>rami</strong></span> <span class='ocrx_word' id='word_1_535' title='bbox 1639 1625 1699 1645; x_wconf 83' lang='lat' dir='ltr'><strong>sae-</strong></span> 
     </span>
     <span class='ocr_line' id='line_1_90' title="bbox 985 1656 1700 1699; baseline 0.003 -13"><span class='ocrx_word' id='word_1_536' title='bbox 985 1657 1055 1695; x_wconf 90' lang='lat' dir='ltr'><strong>pius</strong></span> <span class='ocrx_word' id='word_1_537' title='bbox 1071 1656 1256 1697; x_wconf 77' lang='grc' dir='ltr'><em>στέμματα,</em></span> <span class='ocrx_word' id='word_1_538' title='bbox 1271 1657 1380 1698; x_wconf 77' lang='grc' dir='ltr'><em>στέφη,</em></span> <span class='ocrx_word' id='word_1_539' title='bbox 1398 1658 1497 1688; x_wconf 78' lang='grc' dir='ltr'><em>κλάδοι</em></span> <span class='ocrx_word' id='word_1_540' title='bbox 1512 1658 1652 1699; x_wconf 74' lang='grc' dir='ltr'><em>ἱκετήριοι,</em></span> <span class='ocrx_word' id='word_1_541' title='bbox 1667 1661 1700 1688; x_wconf 82' lang='lat' dir='ltr'><strong>et</strong></span> 
     </span>
     <span class='ocr_line' id='line_1_91' title="bbox 986 1700 1700 1741; baseline 0.004 -12"><span class='ocrx_word' id='word_1_542' title='bbox 986 1700 1127 1730; x_wconf 85' lang='lat' dir='ltr'><strong>similiter</strong></span> <span class='ocrx_word' id='word_1_543' title='bbox 1137 1702 1273 1731; x_wconf 85' lang='lat' dir='ltr'><strong>audiunt.</strong></span> <span class='ocrx_word' id='word_1_544' title='bbox 1296 1701 1423 1741; x_wconf 91' lang='lat' dir='ltr'><strong>Jamque</strong></span> <span class='ocrx_word' id='word_1_545' title='bbox 1434 1702 1516 1741; x_wconf 89' lang='lat' dir='ltr'><strong>apud</strong></span> <span class='ocrx_word' id='word_1_546' title='bbox 1530 1701 1700 1732; x_wconf 87' lang='lat' dir='ltr'><strong>Homerum</strong></span> 
     </span>
     <span class='ocr_line' id='line_1_92' title="bbox 984 1743 1699 1784; baseline 0.003 -11"><span class='ocrx_word' id='word_1_547' title='bbox 984 1744 1023 1773; x_wconf 88' lang='lat' dir='ltr'><strong>Il.</strong></span> <span class='ocrx_word' id='word_1_548' title='bbox 1039 1743 1076 1773; x_wconf 90' lang='lat' dir='ltr'><strong>A.</strong></span> <span class='ocrx_word' id='word_1_549' title='bbox 1091 1755 1120 1774; x_wconf 86' lang='lat' dir='ltr'><strong>v.</strong></span> <span class='ocrx_word' id='word_1_550' title='bbox 1132 1746 1183 1775; x_wconf 78' lang='lat'><strong>14.</strong></span> <span class='ocrx_word' id='word_1_551' title='bbox 1209 1744 1343 1784; x_wconf 83' lang='lat' dir='ltr'><strong>Chryses</strong></span> <span class='ocrx_word' id='word_1_552' title='bbox 1359 1745 1390 1774; x_wconf 92' lang='lat' dir='ltr'><strong>in</strong></span> <span class='ocrx_word' id='word_1_553' title='bbox 1405 1751 1506 1776; x_wconf 82' lang='lat' dir='ltr'><strong>castra</strong></span> <span class='ocrx_word' id='word_1_554' title='bbox 1521 1745 1699 1775; x_wconf 80' lang='lat' dir='ltr'><strong>Graeoorum</strong></span> 
     </span>
     <span class='ocr_line' id='line_1_93' title="bbox 986 1786 1089 1816; baseline 0.01 -1"><span class='ocrx_word' id='word_1_555' title='bbox 986 1786 1089 1816; x_wconf 85' lang='lat' dir='ltr'><strong>venit:</strong></span> 
     </span>
    </p>
   </div>
   <div class='ocr_carea' id='block_1_14' title="bbox 983 1851 1700 2847">
    <p class='ocr_par' dir='ltr' id='par_1_16' title="bbox 1026 1851 1700 1931">
     <span class='ocr_line' id='line_1_94' title="bbox 1026 1851 1700 1896; baseline 0.006 -14"><span class='ocrx_word' id='word_1_556' title='bbox 1026 1851 1191 1894; x_wconf 81' lang='grc' dir='ltr'><em>Στέμματ’</em></span> <span class='ocrx_word' id='word_1_557' title='bbox 1205 1852 1280 1896; x_wconf 77' lang='grc' dir='ltr'><strong><em>ἔχων</em></strong></span> <span class='ocrx_word' id='word_1_558' title='bbox 1295 1853 1321 1884; x_wconf 84' lang='grc' dir='ltr'><strong>ἒν</strong></span> <span class='ocrx_word' id='word_1_559' title='bbox 1333 1854 1432 1896; x_wconf 75' lang='grc' dir='ltr'><em>χερσὶν</em></span> <span class='ocrx_word' id='word_1_560' title='bbox 1447 1853 1578 1886; x_wconf 63' lang='grc' dir='ltr'><em>ὲκηέόλου</em></span> <span class='ocrx_word' id='word_1_561' title='bbox 1590 1853 1700 1886; x_wconf 78' lang='grc' dir='ltr'><em>Ἀπόλ-</em></span> 
     </span>
     <span class='ocr_line' id='line_1_95' title="bbox 1112 1902 1205 1931; baseline 0.022 -6"><span class='ocrx_word' id='word_1_562' title='bbox 1112 1902 1205 1931; x_wconf 75' lang='grc' dir='ltr'><em>λωνος.</em></span> 
     </span>
    </p>

    <p class='ocr_par' dir='ltr' id='par_1_17' title="bbox 983 1954 1700 2847">
     <span class='ocr_line' id='line_1_96' title="bbox 983 1954 1697 1994; baseline 0.006 -10"><span class='ocrx_word' id='word_1_563' title='bbox 983 1954 1129 1984; x_wconf 88' lang='lat' dir='ltr'><strong>Sallustio</strong></span> <span class='ocrx_word' id='word_1_564' title='bbox 1145 1956 1166 1985; x_wconf 87' lang='lat' dir='ltr'><strong>l.</strong></span> <span class='ocrx_word' id='word_1_565' title='bbox 1178 1966 1206 1986; x_wconf 88' lang='lat' dir='ltr'><strong>c.</strong></span> <span class='ocrx_word' id='word_1_566' title='bbox 1218 1956 1364 1994; x_wconf 77' lang='lat' dir='ltr'><strong>supplicia</strong></span> <span class='ocrx_word' id='word_1_567' title='bbox 1379 1957 1533 1993; x_wconf 88' lang='lat' dir='ltr'><strong>dicuntur,</strong></span> <span class='ocrx_word' id='word_1_568' title='bbox 1548 1957 1600 1987; x_wconf 91' lang='lat' dir='ltr'><strong>ubi</strong></span> <span class='ocrx_word' id='word_1_569' title='bbox 1615 1958 1697 1988; x_wconf 84' lang='lat' dir='ltr'><strong>conf.</strong></span> 
     </span>
     <span class='ocr_line' id='line_1_97' title="bbox 983 1998 1698 2031; baseline 0.007 -5"><span class='ocrx_word' id='word_1_570' title='bbox 983 1998 1080 2027; x_wconf 84' lang='lat' dir='ltr'><strong>Cortii</strong></span> <span class='ocrx_word' id='word_1_571' title='bbox 1104 2002 1187 2028; x_wconf 88' lang='lat' dir='ltr'><strong>nota.</strong></span> <span class='ocrx_word' id='word_1_572' title='bbox 1232 1999 1346 2028; x_wconf 82' lang='lat' dir='ltr'><strong>Verum</strong></span> <span class='ocrx_word' id='word_1_573' title='bbox 1370 2010 1430 2029; x_wconf 91' lang='lat' dir='ltr'><strong>non</strong></span> <span class='ocrx_word' id='word_1_574' title='bbox 1455 2004 1570 2030; x_wconf 86' lang='lat' dir='ltr'><strong>tantum</strong></span> <span class='ocrx_word' id='word_1_575' title='bbox 1593 2000 1642 2030; x_wconf 83' lang='lat' dir='ltr'><strong>his</strong></span> <span class='ocrx_word' id='word_1_576' title='bbox 1666 2001 1698 2031; x_wconf 89' lang='lat' dir='ltr'><strong>in</strong></span> 
     </span>
     <span class='ocr_line' id='line_1_98' title="bbox 984 2041 1698 2080; baseline 0.006 -10"><span class='ocrx_word' id='word_1_577' title='bbox 984 2041 1086 2070; x_wconf 89' lang='lat' dir='ltr'><strong>causis</strong></span> <span class='ocrx_word' id='word_1_578' title='bbox 1102 2051 1178 2071; x_wconf 90' lang='lat' dir='ltr'><strong>usus</strong></span> <span class='ocrx_word' id='word_1_579' title='bbox 1194 2041 1246 2071; x_wconf 93' lang='lat' dir='ltr'><strong>ille</strong></span> <span class='ocrx_word' id='word_1_580' title='bbox 1258 2041 1367 2078; x_wconf 83' lang='lat' dir='ltr'><strong>valuit,</strong></span> <span class='ocrx_word' id='word_1_581' title='bbox 1380 2043 1434 2072; x_wconf 88' lang='lat' dir='ltr'><strong>sed</strong></span> <span class='ocrx_word' id='word_1_582' title='bbox 1450 2043 1542 2073; x_wconf 87' lang='lat' dir='ltr'><strong>etiam</strong></span> <span class='ocrx_word' id='word_1_583' title='bbox 1557 2043 1698 2080; x_wconf 76' lang='lat' dir='ltr'><strong>Athenis,</strong></span> 
     </span>
     <span class='ocr_line' id='line_1_99' title="bbox 985 2084 1700 2126; baseline 0.006 -13"><span class='ocrx_word' id='word_1_584' title='bbox 985 2084 1036 2122; x_wconf 91' lang='lat' dir='ltr'><strong>qui</strong></span> <span class='ocrx_word' id='word_1_585' title='bbox 1063 2085 1183 2114; x_wconf 87' lang='lat' dir='ltr'><strong>senatui</strong></span> <span class='ocrx_word' id='word_1_586' title='bbox 1215 2090 1267 2115; x_wconf 87' lang='lat' dir='ltr'><strong>ant</strong></span> <span class='ocrx_word' id='word_1_587' title='bbox 1296 2086 1411 2124; x_wconf 87' lang='lat' dir='ltr'><strong>populo</strong></span> <span class='ocrx_word' id='word_1_588' title='bbox 1440 2086 1700 2126; x_wconf 81' lang='lat' dir='ltr'><strong>supplicarentur,</strong></span> 
     </span>
     <span class='ocr_line' id='line_1_100' title="bbox 986 2127 1698 2169; baseline 0.006 -13"><span class='ocrx_word' id='word_1_589' title='bbox 986 2127 1052 2156; x_wconf 89' lang='lat' dir='ltr'><strong>sive</strong></span> <span class='ocrx_word' id='word_1_590' title='bbox 1068 2132 1192 2157; x_wconf 83' lang='lat' dir='ltr'><strong>orarent</strong></span> <span class='ocrx_word' id='word_1_591' title='bbox 1215 2128 1345 2167; x_wconf 89' lang='lat' dir='ltr'><strong>aliquid,</strong></span> <span class='ocrx_word' id='word_1_592' title='bbox 1362 2128 1429 2159; x_wconf 89' lang='lat' dir='ltr'><strong>sive</strong></span> <span class='ocrx_word' id='word_1_593' title='bbox 1444 2130 1698 2169; x_wconf 85' lang='lat' dir='ltr'><strong>deprecarentur,</strong></span> 
     </span>
     <span class='ocr_line' id='line_1_101' title="bbox 985 2168 1698 2209; baseline 0.007 -11"><span class='ocrx_word' id='word_1_594' title='bbox 985 2168 1122 2209; x_wconf 80' lang='grc' dir='ltr'><em>ἱκετηρίας</em></span> <span class='ocrx_word' id='word_1_595' title='bbox 1136 2170 1275 2200; x_wconf 89' lang='lat' dir='ltr'><strong>manibus</strong></span> <span class='ocrx_word' id='word_1_596' title='bbox 1289 2173 1446 2207; x_wconf 85' lang='lat' dir='ltr'><strong>tenebant,</strong></span> <span class='ocrx_word' id='word_1_597' title='bbox 1463 2177 1515 2202; x_wconf 83' lang='lat' dir='ltr'><strong>aut</strong></span> <span class='ocrx_word' id='word_1_598' title='bbox 1530 2173 1559 2202; x_wconf 91' lang='lat' dir='ltr'><strong>in</strong></span> <span class='ocrx_word' id='word_1_599' title='bbox 1576 2183 1627 2202; x_wconf 84' lang='lat' dir='ltr'><strong>ara</strong></span> <span class='ocrx_word' id='word_1_600' title='bbox 1643 2174 1698 2203; x_wconf 87' lang='lat' dir='ltr'><strong>de-</strong></span> 
     </span>
     <span class='ocr_line' id='line_1_102' title="bbox 985 2214 1698 2255; baseline 0.007 -13"><span class='ocrx_word' id='word_1_601' title='bbox 985 2215 1149 2252; x_wconf 88' lang='lat' dir='ltr'><strong>ponebant.</strong></span> <span class='ocrx_word' id='word_1_602' title='bbox 1194 2214 1357 2244; x_wconf 87' lang='lat' dir='ltr'><strong>AEschines</strong></span> <span class='ocrx_word' id='word_1_603' title='bbox 1378 2215 1409 2244; x_wconf 93' lang='lat' dir='ltr'><strong>in</strong></span> <span class='ocrx_word' id='word_1_604' title='bbox 1424 2215 1576 2246; x_wconf 82' lang='lat' dir='ltr'><strong>Timarch.</strong></span> <span class='ocrx_word' id='word_1_605' title='bbox 1593 2226 1627 2255; x_wconf 97' lang='grc' dir='ltr'><strong>Ρ.</strong></span> <span class='ocrx_word' id='word_1_606' title='bbox 1645 2218 1698 2247; x_wconf 78' lang='lat'><strong>14.</strong></span> 
     </span>
     <span class='ocr_line' id='line_1_103' title="bbox 987 2257 1699 2299; baseline 0.004 -14"><span class='ocrx_word' id='word_1_607' title='bbox 987 2267 1016 2285; x_wconf 91' lang='lat' dir='ltr'><strong>v.</strong></span> <span class='ocrx_word' id='word_1_608' title='bbox 1032 2259 1085 2286; x_wconf 89' lang='lat'><strong>41.</strong></span> <span class='ocrx_word' id='word_1_609' title='bbox 1100 2257 1149 2287; x_wconf 92' lang='lat' dir='ltr'><strong>ed.</strong></span> <span class='ocrx_word' id='word_1_610' title='bbox 1173 2257 1281 2296; x_wconf 86' lang='lat' dir='ltr'><strong>Steph.</strong></span> <span class='ocrx_word' id='word_1_611' title='bbox 1303 2259 1357 2288; x_wconf 82' lang='grc' dir='ltr'><strong>Τοῦ</strong></span> <span class='ocrx_word' id='word_1_612' title='bbox 1381 2257 1544 2297; x_wconf 77' lang='grc' dir='ltr'><em>πρεσβύτου</em></span> <span class='ocrx_word' id='word_1_613' title='bbox 1566 2258 1699 2299; x_wconf 81' lang='grc' dir='ltr'><em>ἴκετερίαν</em></span> 
     </span>
     <span class='ocr_line' id='line_1_104' title="bbox 985 2297 1698 2342; baseline 0.007 -14"><span class='ocrx_word' id='word_1_614' title='bbox 985 2297 1077 2333; x_wconf 80' lang='grc' dir='ltr'><strong><em>θέντος</em></strong></span> <span class='ocrx_word' id='word_1_615' title='bbox 1096 2300 1135 2334; x_wconf 83' lang='grc' dir='ltr'><strong>εἷς</strong></span> <span class='ocrx_word' id='word_1_616' title='bbox 1155 2302 1205 2331; x_wconf 74' lang='grc' dir='ltr'><strong>τῆν</strong></span> <span class='ocrx_word' id='word_1_617' title='bbox 1219 2300 1319 2334; x_wconf 73' lang='grc' dir='ltr'><strong><em>Βουλῆν</em></strong></span> <span class='ocrx_word' id='word_1_618' title='bbox 1342 2301 1419 2342; x_wconf 67' lang='grc' dir='ltr'><em>ὑπὲρ</em></span> <span class='ocrx_word' id='word_1_619' title='bbox 1440 2303 1491 2332; x_wconf 86' lang='grc' dir='ltr'><strong>τοῦ</strong></span> <span class='ocrx_word' id='word_1_620' title='bbox 1511 2301 1636 2341; x_wconf 70' lang='grc' dir='ltr'><em>μισθοῦ·</em></span> <span class='ocrx_word' id='word_1_621' title='bbox 1658 2303 1698 2333; x_wconf 83' lang='lat' dir='ltr'><strong>de</strong></span> 
     </span>
     <span class='ocr_line' id='line_1_105' title="bbox 985 2343 1698 2385; baseline 0.004 -13"><span class='ocrx_word' id='word_1_622' title='bbox 985 2343 1077 2372; x_wconf 83' lang='lat' dir='ltr'><strong>Falsa</strong></span> <span class='ocrx_word' id='word_1_623' title='bbox 1096 2344 1203 2380; x_wconf 78' lang='lat' dir='ltr'><strong>Legat.</strong></span> <span class='ocrx_word' id='word_1_624' title='bbox 1219 2355 1250 2384; x_wconf 86' lang='lat' dir='ltr'><strong>p.</strong></span> <span class='ocrx_word' id='word_1_625' title='bbox 1266 2346 1319 2374; x_wconf 81' lang='lat'><strong>30.</strong></span> <span class='ocrx_word' id='word_1_626' title='bbox 1334 2355 1359 2373; x_wconf 91' lang='lat' dir='ltr'><strong>v.</strong></span> <span class='ocrx_word' id='word_1_627' title='bbox 1375 2347 1426 2374; x_wconf 91' lang='lat'><strong>11.</strong></span> <span class='ocrx_word' id='word_1_628' title='bbox 1450 2343 1519 2385; x_wconf 78' lang='grc' dir='ltr'><em>ὑπὲρ</em></span> <span class='ocrx_word' id='word_1_629' title='bbox 1543 2345 1569 2375; x_wconf 74' lang='grc' dir='ltr'><strong>δὲ</strong></span> <span class='ocrx_word' id='word_1_630' title='bbox 1591 2344 1698 2375; x_wconf 76' lang='grc' dir='ltr'><em>τούτων</em></span> 
     </span>
     <span class='ocr_line' id='line_1_106' title="bbox 986 2385 1696 2428; baseline 0.004 -13"><span class='ocrx_word' id='word_1_631' title='bbox 986 2385 1124 2426; x_wconf 83' lang='grc' dir='ltr'><em>ἱκετηρίας</em></span> <span class='ocrx_word' id='word_1_632' title='bbox 1135 2385 1248 2423; x_wconf 81' lang='grc' dir='ltr'><em>θέντες’</em></span> <span class='ocrx_word' id='word_1_633' title='bbox 1238 2398 1264 2417; x_wconf 90' lang='grc' dir='ltr'><strong>εν</strong></span> <span class='ocrx_word' id='word_1_634' title='bbox 1273 2387 1317 2425; x_wconf 63' lang='grc' dir='ltr'><strong>τῷ</strong></span> <span class='ocrx_word' id='word_1_635' title='bbox 1331 2387 1422 2426; x_wconf 73' lang='grc' dir='ltr'><em>δημῳ,</em></span> <span class='ocrx_word' id='word_1_636' title='bbox 1439 2386 1566 2418; x_wconf 77' lang='grc' dir='ltr'><em>ἐδέοντο</em></span> <span class='ocrx_word' id='word_1_637' title='bbox 1554 2390 1643 2428; x_wconf 78' lang='grc' dir='ltr'><strong>υμῶν.</strong></span> <span class='ocrx_word' id='word_1_638' title='bbox 1653 2406 1696 2411; x_wconf 93' lang='lat'><strong>-—-</strong></span> 
     </span>
     <span class='ocr_line' id='line_1_107' title="bbox 987 2429 1696 2469; baseline 0.004 -11"><span class='ocrx_word' id='word_1_639' title='bbox 987 2429 1212 2460; x_wconf 84' lang='lat' dir='ltr'><strong>Demosthenes</strong></span> <span class='ocrx_word' id='word_1_640' title='bbox 1229 2441 1286 2469; x_wconf 89' lang='lat' dir='ltr'><strong>pro</strong></span> <span class='ocrx_word' id='word_1_641' title='bbox 1302 2431 1373 2460; x_wconf 90' lang='lat' dir='ltr'><strong>Cor.</strong></span> <span class='ocrx_word' id='word_1_642' title='bbox 1385 2441 1417 2469; x_wconf 91' lang='lat' dir='ltr'><strong>p.</strong></span> <span class='ocrx_word' id='word_1_643' title='bbox 1433 2431 1696 2461; x_wconf 73' lang='lat' dir='ltr'><strong>26¹2.12.ed.t³.</strong></span> 
     </span>
     <span class='ocr_line' id='line_1_108' title="bbox 985 2471 1697 2526; baseline 0.004 -25"><span class='ocrx_word' id='word_1_644' title='bbox 985 2471 1034 2501; x_wconf 82' lang='grc' dir='ltr'><em>οὐκ</em></span> <span class='ocrx_word' id='word_1_645' title='bbox 1049 2472 1186 2513; x_wconf 73' lang='grc' dir='ltr'><em>ἱκετηρίαν</em></span> <span class='ocrx_word' id='word_1_646' title='bbox 1201 2472 1285 2504; x_wconf 67' lang='grc' dir='ltr'><em>ἔθηκε</em></span> <span class='ocrx_word' id='word_1_647' title='bbox 1300 2484 1459 2526; x_wconf 78' lang='grc' dir='ltr'><em>τριηραρχρς</em></span> <span class='ocrx_word' id='word_1_648' title='bbox 1474 2473 1557 2508; x_wconf 77' lang='grc' dir='ltr'><em>οὐδεὶς</em></span> <span class='ocrx_word' id='word_1_649' title='bbox 1571 2473 1697 2504; x_wconf 62' lang='grc' dir='ltr'><em>πώποθ’</em></span> 
     </span>
     <span class='ocr_line' id='line_1_109' title="bbox 985 2515 1697 2556; baseline 0.003 -12"><span class='ocrx_word' id='word_1_650' title='bbox 985 2515 1021 2550; x_wconf 81' lang='grc' dir='ltr'><strong>ὡς</strong></span> <span class='ocrx_word' id='word_1_651' title='bbox 1044 2515 1219 2555; x_wconf 75' lang='grc' dir='ltr'><strong><em>ἀδικούμενος</em></strong></span> <span class='ocrx_word' id='word_1_652' title='bbox 1241 2515 1308 2556; x_wconf 78' lang='grc' dir='ltr'><em>παρ’</em></span> <span class='ocrx_word' id='word_1_653' title='bbox 1328 2516 1404 2555; x_wconf 75' lang='grc' dir='ltr'><strong><em>ὗμιν·</em></strong></span> <span class='ocrx_word' id='word_1_654' title='bbox 1427 2517 1459 2545; x_wconf 90' lang='lat' dir='ltr'><strong>in</strong></span> <span class='ocrx_word' id='word_1_655' title='bbox 1483 2516 1650 2546; x_wconf 79' lang='lat' dir='ltr'><strong>Timocrat.</strong></span> <span class='ocrx_word' id='word_1_656' title='bbox 1664 2526 1697 2556; x_wconf 88' lang='grc' dir='ltr'><strong>Ρ.</strong></span> 
     </span>
     <span class='ocr_line' id='line_1_110' title="bbox 984 2555 1697 2598; baseline 0.004 -11"><span class='ocrx_word' id='word_1_657' title='bbox 984 2560 1060 2589; x_wconf 85' lang='grc'><strong>703.</strong></span> <span class='ocrx_word' id='word_1_658' title='bbox 1080 2561 1131 2590; x_wconf 83' lang='grc'><strong>23.</strong></span> <span class='ocrx_word' id='word_1_659' title='bbox 1146 2560 1182 2594; x_wconf 78' lang='grc' dir='ltr'><strong>ὡς</strong></span> <span class='ocrx_word' id='word_1_660' title='bbox 1204 2558 1302 2589; x_wconf 75' lang='grc' dir='ltr'><em>ἔθεσαν</em></span> <span class='ocrx_word' id='word_1_661' title='bbox 1325 2561 1375 2590; x_wconf 78' lang='grc' dir='ltr'><strong>τὴν</strong></span> <span class='ocrx_word' id='word_1_662' title='bbox 1399 2556 1547 2598; x_wconf 83' lang='grc' dir='ltr'><em>ἱκετηρίαν,</em></span> <span class='ocrx_word' id='word_1_663' title='bbox 1564 2555 1598 2588; x_wconf 77' lang='grc' dir='ltr'><strong>ων</strong></span> <span class='ocrx_word' id='word_1_664' title='bbox 1611 2557 1641 2590; x_wconf 61' lang='grc' dir='ltr'><strong>ἦν</strong></span> <span class='ocrx_word' id='word_1_665' title='bbox 1654 2561 1697 2590; x_wconf 71' lang='grc' dir='ltr'><strong>τὸ.</strong></span> 
     </span>
     <span class='ocr_line' id='line_1_111' title="bbox 983 2601 1696 2642; baseline 0.003 -12"><span class='ocrx_word' id='word_1_666' title='bbox 983 2601 1140 2641; x_wconf 73' lang='grc' dir='ltr'><em>χρήματα,</em></span> <span class='ocrx_word' id='word_1_667' title='bbox 1164 2602 1314 2642; x_wconf 67' lang='grc' dir='ltr'><em>ἅνθρωποι·</em></span> <span class='ocrx_word' id='word_1_668' title='bbox 1339 2601 1370 2630; x_wconf 92' lang='lat' dir='ltr'><strong>in</strong></span> <span class='ocrx_word' id='word_1_669' title='bbox 1394 2601 1524 2631; x_wconf 77' lang='lat' dir='ltr'><strong>Macart.</strong></span> <span class='ocrx_word' id='word_1_670' title='bbox 1550 2612 1583 2640; x_wconf 91' lang='lat' dir='ltr'><strong>p.</strong></span> <span class='ocrx_word' id='word_1_671' title='bbox 1599 2604 1696 2635; x_wconf 79' lang='lat'><strong>1078.</strong></span> 
     </span>
     <span class='ocr_line' id='line_1_112' title="bbox 985 2642 1698 2685; baseline 0 -11"><span class='ocrx_word' id='word_1_672' title='bbox 985 2647 1037 2676; x_wconf 86' lang='grc'><strong>25.</strong></span> <span class='ocrx_word' id='word_1_673' title='bbox 1060 2643 1187 2685; x_wconf 81' lang='grc' dir='ltr'><em>νομίζετε</em></span> <span class='ocrx_word' id='word_1_674' title='bbox 1200 2644 1228 2675; x_wconf 77' lang='grc' dir='ltr'><em>δη</em></span> <span class='ocrx_word' id='word_1_675' title='bbox 1244 2643 1337 2674; x_wconf 74' lang='grc' dir='ltr'><em>παῖδα</em></span> <span class='ocrx_word' id='word_1_676' title='bbox 1351 2645 1461 2680; x_wconf 81' lang='grc' dir='ltr'><em>τοῦτον,</em></span> <span class='ocrx_word' id='word_1_677' title='bbox 1477 2642 1499 2674; x_wconf 79' lang='grc' dir='ltr'><strong><em>ω</em></strong></span> <span class='ocrx_word' id='word_1_678' title='bbox 1515 2644 1604 2684; x_wconf 71' lang='grc' dir='ltr'><em>ἄνδρες</em></span> <span class='ocrx_word' id='word_1_679' title='bbox 1619 2645 1698 2676; x_wconf 68' lang='grc' dir='ltr'><em>δικα-</em></span> 
     </span>
     <span class='ocr_line' id='line_1_113' title="bbox 984 2685 1698 2728; baseline 0.003 -12"><span class='ocrx_word' id='word_1_680' title='bbox 984 2686 1067 2722; x_wconf 74' lang='grc' dir='ltr'><em>σταὶ,</em></span> <span class='ocrx_word' id='word_1_681' title='bbox 1094 2685 1230 2728; x_wconf 83' lang='grc' dir='ltr'><em>ἱκετηρίαν</em></span> <span class='ocrx_word' id='word_1_682' title='bbox 1251 2688 1317 2726; x_wconf 79' lang='grc' dir='ltr'><strong><em>ὑμῖν</em></strong></span> <span class='ocrx_word' id='word_1_683' title='bbox 1342 2687 1513 2728; x_wconf 69' lang='grc' dir='ltr'><em>προκεῖσθαι</em></span> <span class='ocrx_word' id='word_1_684' title='bbox 1535 2689 1614 2728; x_wconf 71' lang='grc' dir='ltr'><em>παρὰ</em></span> <span class='ocrx_word' id='word_1_685' title='bbox 1641 2689 1698 2718; x_wconf 69' lang='grc' dir='ltr'><strong>τῶν</strong></span> 
     </span>
     <span class='ocr_line' id='line_1_114' title="bbox 984 2730 1697 2772; baseline 0.003 -13"><span class='ocrx_word' id='word_1_686' title='bbox 984 2730 1227 2761; x_wconf 84' lang='grc' dir='ltr'><em>τετελευτηκότων</em></span> <span class='ocrx_word' id='word_1_687' title='bbox 1254 2731 1313 2770; x_wconf 80' lang='lat' dir='ltr'><strong>(ita</strong></span> <span class='ocrx_word' id='word_1_688' title='bbox 1337 2735 1419 2760; x_wconf 86' lang='lat' dir='ltr'><strong>recte</strong></span> <span class='ocrx_word' id='word_1_689' title='bbox 1444 2731 1494 2761; x_wconf 88' lang='lat' dir='ltr'><strong>ed.</strong></span> <span class='ocrx_word' id='word_1_690' title='bbox 1515 2730 1643 2772; x_wconf 81' lang='lat' dir='ltr'><strong>Reisk.)</strong></span> <span class='ocrx_word' id='word_1_691' title='bbox 1665 2735 1697 2761; x_wconf 87' lang='lat' dir='ltr'><strong>et</strong></span> 
     </span>
     <span class='ocr_line' id='line_1_115' title="bbox 984 2772 1694 2813; baseline 0.004 -11"><span class='ocrx_word' id='word_1_692' title='bbox 984 2772 1089 2811; x_wconf 88' lang='lat' dir='ltr'><strong>lepide</strong></span> <span class='ocrx_word' id='word_1_693' title='bbox 1106 2784 1162 2803; x_wconf 88' lang='lat' dir='ltr'><strong>suo</strong></span> <span class='ocrx_word' id='word_1_694' title='bbox 1179 2784 1263 2803; x_wconf 86' lang='lat' dir='ltr'><strong>more</strong></span> <span class='ocrx_word' id='word_1_695' title='bbox 1276 2773 1496 2813; x_wconf 82' lang='lat' dir='ltr'><strong>Aristophanes</strong></span> <span class='ocrx_word' id='word_1_696' title='bbox 1511 2772 1543 2803; x_wconf 90' lang='lat' dir='ltr'><strong>in</strong></span> <span class='ocrx_word' id='word_1_697' title='bbox 1559 2775 1651 2804; x_wconf 87' lang='lat' dir='ltr'><strong>Pluto</strong></span> <span class='ocrx_word' id='word_1_698' title='bbox 1665 2784 1694 2805; x_wconf 81' lang='lat' dir='ltr'><strong>v.</strong></span> 
     </span>
     <span class='ocr_line' id='line_1_116' title="bbox 983 2818 1058 2847; baseline -0.013 0"><span class='ocrx_word' id='word_1_699' title='bbox 983 2818 1058 2847; x_wconf 88' lang='grc'><strong>382.</strong></span> 
     </span>
    </p>
   </div>
   <div class='ocr_carea' id='block_1_15' title="bbox 1024 2883 1683 3010">
    <p class='ocr_par' dir='ltr' id='par_1_18' title="bbox 1024 2883 1683 3010">
     <span class='ocr_line' id='line_1_117' title="bbox 1025 2883 1683 2927; baseline 0 -11"><span class='ocrx_word' id='word_1_700' title='bbox 1025 2885 1096 2925; x_wconf 56' lang='lat' dir='ltr'><strong>‘off-⁴,</strong></span> <span class='ocrx_word' id='word_1_701' title='bbox 1111 2883 1173 2920; x_wconf 83' lang='grc' dir='ltr'><strong><em>τιν’,</em></strong></span> <span class='ocrx_word' id='word_1_702' title='bbox 1189 2884 1244 2914; x_wconf 63' lang='lat' dir='ltr'><strong>tw&gt;</strong></span> <span class='ocrx_word' id='word_1_703' title='bbox 1263 2886 1312 2915; x_wconf 76' lang='grc' dir='ltr'><em>τοῦ</em></span> <span class='ocrx_word' id='word_1_704' title='bbox 1328 2885 1462 2925; x_wconf 72' lang='grc' dir='ltr'><em>Βήματος</em></span> <span class='ocrx_word' id='word_1_705' title='bbox 1471 2885 1683 2927; x_wconf 71' lang='grc' dir='ltr'><em>καθεδούμενον,</em></span> 
     </span>
     <span class='ocr_line' id='line_1_118' title="bbox 1024 2927 1599 2970; baseline 0 -12"><span class='ocrx_word' id='word_1_706' title='bbox 1024 2927 1171 2968; x_wconf 77' lang='grc' dir='ltr'><em>Ἱκετηρίαν</em></span> <span class='ocrx_word' id='word_1_707' title='bbox 1187 2928 1303 2970; x_wconf 83' lang='grc' dir='ltr'><em>ἔχοντα,</em></span> <span class='ocrx_word' id='word_1_708' title='bbox 1318 2929 1400 2969; x_wconf 78' lang='grc' dir='ltr'><em>μετὰ</em></span> <span class='ocrx_word' id='word_1_709' title='bbox 1415 2931 1469 2959; x_wconf 76' lang='grc' dir='ltr'><strong>τῶν</strong></span> <span class='ocrx_word' id='word_1_710' title='bbox 1484 2928 1599 2960; x_wconf 78' lang='grc' dir='ltr'><em>παιδίων</em></span> 
     </span>
     <span class='ocr_line' id='line_1_119' title="bbox 1028 2972 1341 3010; baseline 0 -9"><span class='ocrx_word' id='word_1_711' title='bbox 1028 2972 1080 3002; x_wconf 76' lang='grc' dir='ltr'><em>Καὶ</em></span> <span class='ocrx_word' id='word_1_712' title='bbox 1097 2974 1147 3005; x_wconf 70' lang='grc' dir='ltr'><em>τῆς</em></span> <span class='ocrx_word' id='word_1_713' title='bbox 1160 2972 1341 3010; x_wconf 73' lang='grc' dir='ltr'><em>γυναικός.-</em></span> 
     </span>
    </p>
   </div>
   <div class='ocr_carea' id='block_1_16' title="bbox 982 3031 1692 3072">
    <p class='ocr_par' dir='ltr' id='par_1_19' title="bbox 982 3031 1692 3072">
     <span class='ocr_line' id='line_1_120' title="bbox 982 3031 1692 3072; baseline -0.001 -10"><span class='ocrx_word' id='word_1_714' title='bbox 982 3036 1014 3062; x_wconf 82' lang='lat' dir='ltr'><strong>et</strong></span> <span class='ocrx_word' id='word_1_715' title='bbox 1029 3032 1087 3063; x_wconf 89' lang='lat' dir='ltr'><strong>hoc</strong></span> <span class='ocrx_word' id='word_1_716' title='bbox 1100 3034 1167 3072; x_wconf 82' lang='lat' dir='ltr'><strong>ipso</strong></span> <span class='ocrx_word' id='word_1_717' title='bbox 1180 3032 1356 3062; x_wconf 82' lang='lat' dir='ltr'><strong>Andocides</strong></span> <span class='ocrx_word' id='word_1_718' title='bbox 1369 3033 1437 3062; x_wconf 87' lang='lat' dir='ltr'><strong>locu</strong></span> <span class='ocrx_word' id='word_1_719' title='bbox 1449 3032 1577 3062; x_wconf 76' lang='lat' dir='ltr'><strong>Calliam</strong></span> <span class='ocrx_word' id='word_1_720' title='bbox 1589 3031 1626 3061; x_wconf 81' lang='lat' dir='ltr'><strong>nd</strong></span> <span class='ocrx_word' id='word_1_721' title='bbox 1639 3031 1692 3061; x_wconf 79' lang='lat' dir='ltr'><strong>Se-</strong></span> 
     </span>
    </p>
   </div>
  </div>
 </body>
</html>
