1818 3189
122 545 201 580 626
220 551 300 579 πο
284 550 384 577 *com
407 524 500 614 ²onds
519 525 604 596 μὴν
622 524 750 579 oud’}

213 184 284 233 42

618 189 716 232 AN
744 189 1215 235 ΤΙΦΩΝΤΟΣ

219 325 419 370 εσχατον
455 300 639 354 κινδυνον
661 327 801 395 περι
816 328 892 366 της
925 301 1079 372 ψυχῆς
1112 301 1401 357 κινδυνεύων
1383 328 1557 375 ετοιμην
1585 330 1664 359 και
1684 320 1735 355 15

220 401 603 470 κατειργασμενην
618 375 695 438 τὴν
709 377 916 442 ωφελειαν
933 378 1116 443 οἷφῆκεν.
1129 403 1172 431 ου
1190 377 1273 449 μὴν
1293 375 1382 431 oud}
1401 379 1666 447 παροινήσας

221 450 354 511 ovim
380 449 613 545 διεφθειρεν
641 452 790 504 αυτόν·
829 476 1091 519 εγινωσκετο
1119 478 1210 522 ’γαρ
1243 453 1297 505 οἳν
1325 476 1412 505 υπο
1420 478 1523 539 Ντων
1548 477 1665 524 συμ-

754 525 1036 619 κλοιὸοξιας
1067 527 1112 579 ου’
1131 552 1221 620 ’γαρ
1247 525 1351 603 draps
1378 552 1462 579 των
1483 551 1664 592 vum-ew,

218 597 355 651 ουΣΗ
339 625 383 652 εν
403 600 558 671 ἓρημια
583 599 884 670 ελοιδορουντο.
921 599 1012 653 ου’ὃέ
1040 626 1125 671 μην
1152 599 1298 654 ἄλλου
1332 602 1667 675 στοχαζόμενος

219 673 358 741 ἔτυχε
380 695 549 728 τουτου·
573 676 620 727 ου’
635 700 724 743 «γαρ
744 675 798 726 οἳν
819 699 897 727 συν
924 701 986 743 τῳ
965 676 1241 743 ακολούθῳ
1262 673 1492 752 διεφθειξεν
1511 676 1662 730 αυτόν.
1683 694 1738 729 20

216 799 347 829 malefici
361 809 415 829 seu
427 800 561 829 latrones
577 799 709 839 spoliato
725 800 885 835 cadavere,
899 799 927 829 si

218 842 267 873 vel
283 843 355 881 fuga
371 842 429 872 sibi
445 842 682 879 consuluissent,
696 843 795 882 qualis
809 843 926 872 locutio

216 896 274 915 non
296 886 484 925 infrequens.
528 886 644 916 Iterum
668 886 742 915 mire
760 885 925 915 Miniatus:

213 928 342 967 pallium
364 931 440 958 enim
460 928 562 958 habere
584 930 638 958 visi
661 934 740 958 sunt.
765 929 794 957 ni
819 938 926 967 respe-

215 972 298 1001 xerit
310 972 347 1001 ad
361 971 463 1011 ipsum
479 982 547 1002 cum
566 971 680 1001 famulo
701 976 853 1001 necatum.
873 971 925 1010 qui

217 1025 325 1044 sensus
350 1015 452 1044 valere
476 1019 593 1054 posset,
613 1015 686 1044 licet
708 1014 761 1044 ille
776 1014 860 1053 prior
876 1023 925 1043 ac-

216 1058 438 1088 commodatior
483 1058 521 1087 ad
568 1057 727 1096 sequeutia
770 1056 923 1108 videatur.

216 1101 388 1131 HAupm.

257 1142 426 1184 ΕὑςέΘηο-αν]
450 1143 576 1182 Colligit
592 1143 653 1172 sic:
678 1142 815 1182 suspicio
835 1143 924 1181 hujus

213 1187 331 1216 caedis·
322 1197 352 1216 m
366 1188 500 1216 latrones
516 1186 626 1215 cadere
643 1186 766 1225 nequit;
785 1186 857 1225 quia
874 1197 924 1216 ve-

212 1230 311 1259 stibus
321 1231 459 1268 jacentes
471 1229 667 1268 spoliassent.
711 1229 807 1268 Atqui
823 1229 924 1264 ambo,

212 1278 274 1302 tam
287 1273 391 1308 herus,
402 1283 488 1312 qnam
505 1283 626 1308 servus),
637 1282 705 1302 cum
721 1272 860 1302 vestibus
875 1282 923 1302 re-

213 1316 295 1354 perti
317 1320 398 1345 sunt.
445 1317 528 1354 Ergo
549 1316 682 1345 latrones
698 1325 750 1344 eos
765 1326 825 1344 non
841 1316 922 1344 occi·

212 1359 333 1388 derunt.
377 1359 439 1388 Sed
455 1358 487 1387 ἂν
502 1358 548 1387 5ἱο
563 1359 622 1387 erit
643 1358 824 1393 tollendum,
839 1359 865 1387 si
881 1359 923 1387 εὑ-

214 1400 338 1441 ρέθησαν
350 1411 409 1431 non
425 1403 460 1431 ad
479 1402 623 1437 latrones,
643 1401 698 1431 sed
714 1402 751 1431 ad
769 1406 923 1440 peremtos

214 1446 354 1475 refertur.
381 1445 586 1484 [servandum
606 1445 632 1474 si
647 1445 793 1474 ducemus
807 1444 848 1479 ἂν,
862 1444 923 1483 leg.

215 1487 274 1517 erit
288 1487 336 1517 οὐκ,
358 1485 482 1527 ἔχοντες,
505 1497 564 1516 non
587 1487 651 1517 siue
665 1486 820 1526 particula
832 1487 922 1516 infiti-

212 1536 297 1566 ante,
322 1532 403 1569 quod
430 1530 474 1560 sic
496 1530 613 1559 dictum
637 1530 717 1560 idem
743 1530 814 1564 erit,
838 1540 873 1559 ac
897 1530 922 1559 si

214 1574 346 1603 dixisset
357 1583 440 1603 more
454 1573 562 1602 solito:
580 1573 629 1602 οὐκ
642 1573 674 1602 ἂν
688 1570 831 1614 εὑρέθησαν
845 1571 923 1613 ἔχον-

214 1628 272 1649 τες.
299 1626 367 1646 nam
394 1616 419 1645 si
446 1626 464 1645 a
489 1616 659 1646 latronibus
691 1616 820 1655 peremti
850 1615 924 1645 fuis-

212 1666 293 1694 sent,
316 1669 386 1688 cnm
411 1660 549 1689 vestibus
574 1659 689 1698 reperti
709 1669 768 1688 non
783 1658 923 1695 fuissent,

213 1703 270 1732 sed
287 1703 371 1732 nudi.
387 1700 539 1742 εὑρέθησαν
554 1701 619 1731 sine
637 1701 731 1732 dubio
748 1702 786 1731 ad
803 1712 922 1741 perem-

211 1750 261 1775 tos
284 1745 340 1774 erit
361 1745 565 1774 referendum.
610 1745 659 1775 Ad
683 1745 818 1774 latrones
842 1745 921 1774 enim

212 1788 238 1827 si
256 1788 414 1823 referatur,
437 1788 503 1817 haec
526 1787 670 1824 exsistat,
694 1787 799 1817 multis
823 1787 922 1817 modis

212 1831 355 1865 absurda,
381 1830 549 1860 sententia:
586 1841 655 1860 uam
680 1832 704 1860 si
727 1830 851 1860 latrones
878 1841 923 1860 eos

200 1875 405 1914 jugulassem,
414 1874 520 1912 reperti
521 1872 653 1913 fuissent
665 1873 800 1907 latrones,
815 1872 922 1903 haben-

213 1922 252 1947 tes
259 1927 359 1946 eorum
369 1918 546 1946 vestimenta.
563 1917 696 1946 Primum
703 1916 838 1955 jacentia
847 1926 921 1946 exa-

212 1960 394 1990 nimatorum
417 1969 547 1998 corpora
571 1959 777 1999 reperiuntur,
793 1969 852 1989 non
866 1959 920 1989 ho-

210 2003 310 2032 mines
324 2003 406 2032 vivi:
428 2003 551 2038 deiude,
572 2013 700 2032 necesse
721 2012 780 2031 non
797 2007 854 2038 est,
868 2003 922 2032 fin-

212 2056 299 2085 gere,
318 2045 453 2075 latrones
475 2045 519 2075 ibi
543 2046 677 2076 locorum
693 2044 851 2080 mansisse,
869 2046 921 2075 ubi

213 2093 317 2119 vestes
332 2093 538 2128 peremturum
554 2088 730 2127 potuissent
740 2092 820 2117 notae
831 2099 920 2118 esse:

212 2137 287 2168 turn,
304 2141 430 2161 necesse
452 2141 512 2161 non
535 2131 633 2168 magis
654 2136 702 2161 est
721 2131 922 2167 comminisci,

212 2176 344 2204 latrones
358 2178 461 2204 vestes
476 2175 629 2204 hominum
642 2185 659 2204 a
669 2185 702 2204 se
714 2179 921 2213 peremtorum

210 2218 394 2257 corporibus
409 2217 472 2247 suis
490 2217 648 2255 induisse3
675 2228 742 2247 nam
758 2222 922 2256 potuerunt

210 2271 262 2290 eas
277 2261 368 2290 etiam
381 2261 532 2291 vendere:
549 2261 691 2300 denique,
705 2260 731 2290 si
743 2260 848 2299 procul
861 2264 922 2290 ter-

210 2313 309 2333 rarum
337 2303 484 2338 abissent,
511 2304 581 2342 quis
604 2304 648 2333 ibi
675 2308 777 2333 vestes
800 2303 921 2342 ignotas

209 2347 402 2381 noscitasset,
425 2346 545 2376 etiamsi
570 2356 622 2376 eas
645 2346 838 2385 gestassent?
862 2347 919 2377 Ac-

208 2399 273 2419 cess.
291 2390 330 2418 ad
343 2399 396 2418 sua
413 2388 554 2429 Antiph]
576 2390 696 2420 Rexsx.

255 2431 348 2465 Οὐδεὶς
364 2431 418 2471 γὰρ
438 2431 470 2461 ἂν
481 2431 538 2471 —]
569 2433 678 2462 Nexus
704 2432 919 2471 argumentati-

210 2474 289 2510 onis,
313 2475 499 2504 adumbratae
524 2475 633 2513 magis,
661 2478 693 2504 ut
718 2476 919 2514 conjectando

210 2518 280 2547 elici
296 2517 418 2553 debeat,
434 2528 522 2556 quam
536 2517 687 2557 expositae
701 2522 732 2548 et
743 2518 919 2554 declaratae,

211 2561 331 2590 videtur
348 2561 396 2590 hic
409 2571 488 2590 esse.
532 2561 642 2596 Nemo,
656 2560 704 2590 cui
721 2560 763 2590 sit
778 2561 918 2591 inimicus

208 2603 351 2644 capitalis
374 2608 406 2633 et
428 2601 578 2642 imprimis
594 2603 812 2639 formidandus,
828 2613 917 2642 quem

208 2646 239 2676 ni
253 2647 293 2676 de
304 2646 406 2676 medio
420 2646 518 2682 tollat,
531 2646 597 2685 ipse
613 2646 752 2685 perierit,
767 2656 855 2676 nemo
871 2647 916 2676 in-

207 2699 296 2728 quam
310 2690 340 2719 in
357 2689 508 2728 ejusmodi
519 2689 589 2719 loco
606 2687 791 2718 constitutus
803 2699 916 2728 oppor-

206 2733 367 2762 tunitatem
383 2732 514 2762 oblatam
533 2732 617 2762 illum
634 2732 789 2762 inimicum
807 2733 915 2762 tollen-

205 2775 237 2804 «li
262 2775 394 2815 patiatur
416 2787 433 2805 e
456 2776 594 2804 manibus
617 2775 706 2810 elabi,
731 2775 784 2804 sed
814 2780 914 2805 utatur

207 2819 311 2856 potius
334 2829 380 2854 ea,
398 2818 572 2857 praesertim
587 2818 613 2847 si
631 2817 845 2857 opportunitas
861 2818 914 2847 illn

203 2866 310 2898 sponte
327 2871 382 2891 sua
397 2861 569 2898 obvenerit,
585 2865 615 2891 et
635 2861 750 2891 facinus
771 2860 851 2891 factu
869 2862 912 2890 sa-

961 801 1112 839 ejusmodi
1140 800 1209 830 loco
1240 803 1315 830 erat.
1360 799 1478 830 Oderat
1502 799 1668 836 hominem,

960 854 1049 883 quern
1060 844 1204 882 peremit:
1218 843 1373 873 metuebat
1380 843 1520 878 eundern,
1528 847 1668 872 utextre-

960 897 1009 915 ma
1032 886 1090 916 sibi
1105 886 1187 916 mala
1201 887 1365 916 minantem
1382 890 1413 914 et
1429 889 1666 925 comparantem.

960 930 1144 959 Inveniebat
1165 939 1233 959 eum
1255 928 1287 958 in
1314 928 1491 964 solitudine,
1513 939 1668 964 securum,

960 972 998 1001 de
1018 972 1155 1010 periculo
1178 982 1234 1001 suo
1254 982 1292 1000 ne
1309 972 1509 1010 suspicantem
1530 971 1667 1010 quidem,

958 1014 1092 1054 ideoque
1108 1015 1266 1049 inermem,
1283 1018 1313 1043 et
1333 1014 1372 1043 ad
1392 1014 1598 1044 defensionem
1618 1015 1667 1044 sui

958 1068 1086 1096 prorsus
1098 1058 1289 1098 imparatum,
1300 1057 1365 1087 sine
1375 1061 1546 1097 protectore
1557 1061 1588 1087 et
1599 1057 1669 1086 vin-

959 1101 1039 1136 dice,
1056 1105 1087 1130 et
1096 1101 1199 1130 indice
1212 1099 1337 1130 sceleris
1349 1101 1434 1130 adeo.
1473 1100 1558 1139 Ergo
1571 1100 1666 1130 fecit:

959 1154 1030 1183 ergo
1041 1148 1101 1174 tam
1113 1144 1308 1183 insperatam,
1317 1147 1377 1172 tam
1391 1147 1568 1182 exoptatam
1578 1153 1668 1173 occa-

959 1187 1074 1216 sionem
1090 1187 1263 1226 praeterlabi
1279 1196 1389 1225 passus
1405 1196 1462 1215 non
1476 1191 1535 1216 est.
1560 1186 1667 1216 IDEM.

958 1230 1105 1260 Bekkero
1142 1230 1353 1260 obsecundans
1395 1229 1667 1268 transpositionem

957 1272 1025 1303 feci.

1000 1314 1167 1355 Ὠφίλειαν]
1185 1314 1384 1345 Commodum
1398 1324 1438 1343 ex
1450 1324 1486 1344 eo
1499 1314 1667 1352 exsistens,

958 1358 984 1388 si
1010 1363 1044 1388 tu
1068 1358 1224 1388 inimicum
1250 1363 1346 1394 tuum,
1373 1357 1549 1396 capitalem,
1576 1368 1667 1397 quem

958 1406 1042 1431 certo
1056 1401 1139 1431 noris
1157 1401 1214 1430 tibi
1227 1401 1404 1441 pestiferum
1417 1401 1493 1436 fore,
1508 1401 1548 1430 de
1563 1400 1666 1431 medio

956 1444 1057 1474 tollas.
1081 1445 1187 1474 IDEM.

1000 1486 1129 1528 Ἀφῆκεν]
1153 1485 1286 1517 Dimisit.
1301 1485 1446 1526 Respicit
1461 1486 1546 1516 locus
1561 1485 1667 1526 potius

957 1530 1151 1566 homicidam,
1167 1529 1219 1569 qui
1235 1529 1345 1568 capitis
1362 1529 1409 1559 sui
1434 1530 1571 1569 periculo
1594 1530 1668 1560 saci-

956 1584 1012 1603 nus
1022 1578 1132 1612 patrat,
1143 1583 1230 1613 quam
1240 1573 1452 1602 interemtum:
1470 1572 1552 1602 subit
1563 1573 1591 1603 is
1607 1573 1668 1603 tale

957 1616 1129 1656 pericnlum
1145 1615 1313 1656 cupiditate
1328 1625 1433 1654 opum,
1449 1615 1585 1651 honoris,
1601 1616 1668 1646 vin-

957 1659 1145 1695 dictae‚hinc
1170 1658 1311 1688 utilitatis
1335 1659 1554 1698 cujuscunque,
1578 1669 1668 1698 quam

958 1703 1112 1732 dimittere
1139 1712 1198 1731 non
1226 1702 1303 1731 vult.
1347 1702 1475 1731 Temere
1500 1701 1667 1732 Miniatus:

956 1745 1060 1774 nullus
1073 1747 1150 1775 enim
1164 1747 1196 1774 in
1213 1749 1334 1773 extremo
1346 1745 1450 1774 animoe
1459 1745 1590 1783 periculo
1601 1755 1669 1775 con-

955 1789 1077 1817 stitutus
1109 1792 1305 1826 praeparatam
1334 1791 1363 1815 et
1385 1788 1556 1826 acquisitum
1583 1788 1669 1818 utili-

957 1836 1044 1860 tatem
1070 1831 1191 1861 dimisit.
1214 1830 1321 1860 scribit
1343 1830 1401 1859 hoc
1424 1829 1528 1868 ipsum
1543 1835 1575 1860 et
1589 1841 1668 1871 prae-

957 1878 1003 1902 ter
1027 1884 1102 1908 rein,
1119 1879 1149 1903 et
1171 1877 1283 1913 praeter
1308 1872 1455 1903 orationis
1477 1878 1667 1904 contextum.

956 1916 1126 1947 Haums.

998 1957 1194 2000 Ἐγινῶσ-κετο]
1218 1957 1346 1997 Reliqui
1363 1962 1561 1998 compotores
1576 1959 1667 1989 facile

956 2012 1024 2031 eum
1040 2003 1253 2038 noscitassent‚
1268 2001 1400 2040 indeque
1416 2002 1559 2040 protinus
1575 2012 1667 2033 accu-

956 2051 1087 2080 sassent,
1108 2045 1135 2075 si
1156 2045 1223 2084 quis
1250 2048 1410 2083 compotor
1433 2044 1562 2075 alterum
1582 2056 1666 2075 com-

955 2093 1096 2127 potorem
1122 2098 1178 2128 per
1207 2087 1414 2118 temulentiam
1443 2087 1665 2118 interemisset.

957 2132 1078 2162 Rmsn.

999 2173 1047 2204 En
1059 2171 1205 2214 λοιδορίας]
1228 2172 1337 2203 Tacite
1353 2171 1471 2212 subjice
1491 2184 1508 2203 e
1527 2174 1665 2213 praemis-

957 2217 999 2247 sis
1021 2217 1233 2257 repetendum,
1263 2215 1409 2256 διέφθειξεν
1437 2215 1470 2247 ἄν
1497 2228 1543 2251 τις
1569 2216 1664 2249 αὐτόν.

955 2261 1062 2290 IDEM.

998 2302 1205 2344 Ἐλοιδοξουντο]
1222 2301 1392 2332 Subaudi'
1374 2315 1416 2333 αν.
1431 2303 1501 2332 Non
1519 2303 1665 2334 videntur

951 2346 1086 2386 jurgium
1102 2347 1183 2376 inter
1197 2357 1230 2376 se
1243 2345 1432 2375 commissuri
1447 2345 1542 2375 fuisse
1557 2350 1665 2382 noctu,

955 2394 986 2419 et
1001 2390 1032 2419 in
1049 2389 1224 2419 solitudine.
1245 2389 1307 2418 Cur
1321 2387 1398 2417 non?
1414 2387 1485 2427 quia
1495 2398 1584 2418 nemo
1598 2394 1663 2419 tum

954 2432 1100 2462 audisset.
1147 2432 1286 2461 Solemus
1311 2431 1390 2460 enim
1413 2430 1476 2472 (sic
1499 2430 1586 2470 fingit
1613 2443 1664 2462 so-

953 2475 1068 2514 phista,
1091 2476 1178 2514 cujus
1194 2478 1371 2513 argumenta
1388 2483 1526 2513 persaepe
1543 2478 1614 2504 sunt
1629 2476 1663 2505 fi-

953 2517 1077 2558 culnea)
1085 2518 1227 2552 solemus,
1242 2517 1354 2556 probra
1371 2516 1460 2546 alteri
1476 2516 1663 2556 ingerentes,

952 2572 1012 2591 non
1028 2562 1086 2591 hoc
1102 2565 1252 2600 spectare,
1263 2569 1399 2598 quocum
1409 2569 1590 2598 pungamus,
1606 2561 1663 2590 sed

950 2604 1026 2634 illud
1047 2603 1158 2642 magis,
1180 2612 1239 2642 quo
1255 2602 1321 2638 alii,
1336 2602 1494 2632 audientes
1509 2602 1663 2634 dedecora

951 2646 1108 2686 proscissi,
1124 2656 1192 2675 eum
1209 2650 1399 2675 aversentur.
1422 2647 1530 2676 Imm.

992 2689 1112 2729 Τούτου]
1137 2688 1211 2718 Scil.
1226 2689 1275 2718 τοῦ
1290 2687 1429 2728 κειμένου,
1450 2689 1501 2718 τοῦ
1524 2687 1661 2728 φονευθέν-

949 2744 996 2766 τος
1008 2733 1058 2762 νῦν.
1083 2733 1186 2762 Imm.

992 2776 1032 2805 Οὐ
1054 2777 1108 2814 γὰρ
1133 2773 1181 2814 ἂν]
1205 2774 1340 2804 Subandi
1363 2773 1387 2804 εἴ
1406 2773 1583 2815 ἁμαρτήσας
1597 2774 1660 2807 ,τοῦ

948 2818 1066 2853 σκοποῦ,
1082 2818 1178 2847 τοῦτον
1193 2816 1333 2857 ἐφόνευσεν
1346 2817 1428 2846 ἄκων.
1452 2817 1558 2847 luem.

986 2860 1034 2900 Τῷ
1047 2859 1210 2900 ἀκολούθῳ]
1232 2859 1400 2894 Ἀκᾶλουθος
1410 2859 1467 2889 inl.
1479 2859 1657 2899 primarium

201 2903 261 2932 cile
279 2904 329 2933 sit.
374 2905 468 2943 Atqui
492 2914 574 2941 reus,
588 2914 678 2944 quem
694 2914 752 2944 ego
768 2904 862 2934 caedis
880 2904 909 2934 in
944 2913 1052 2934 nomen
1064 2904 1261 2943 pedissequum
1271 2907 1363 2932 notat.
1379 2903 1415 2932 In
1425 2901 1655 2942 perditisorati-

200 2945 256 2976 hnc
269 2946 389 2977 bomine
406 2952 532 2986 patratae
549 2947 863 2984 aceus0,c0ns1i1utus
879 2946 908 2977 in

947 2947 1055 2976 onibus
1077 2946 1240 2977 adhibetur
1256 2951 1285 2976 et
1302 2945 1498 2984 adjectivum.
1515 2944 1652 2975 Lexicon
