1818 3189
247 210 327 253 194
717 211 752 252 1.
785 209 912 251 OTT.
944 205 1222 257 SLUITERI

243 330 328 356 eam
345 321 424 356 136
444 317 618 356 navium:
651 318 815 357 militum
833 329 924 356 vero
943 316 1059 356 alium
1079 313 1279 353 Diodorus
1294 313 1469 350 recenset
1486 322 1701 355 numerum,

244 380 361 418 alium
383 380 638 419 Plutarchus:
669 393 755 417 nam
784 378 996 418 secundum
1020 377 1234 415 Diodorum
1257 374 1335 412 Sic.
1355 374 1380 412 l.
1401 372 1516 410 XIII.
1544 384 1579 410 c.
1603 375 1701 421 2.,p.

244 446 338 480 543.
359 441 516 479 suerunt
532 443 570 479 in
590 441 760 479 exercltu
780 441 916 479 Attico
936 443 1088 478 ὁπλῖται
1109 440 1168 476 καὶ
1197 435 1438 489 σφενδονῆται
1455 433 1546 486 πρὸς
1566 432 1601 470 δὲ
1620 433 1704 470 τοὺ-

248 518 324 545 τοις
344 502 468 545 ἱππεῖς
487 503 546 539 καὶ
572 509 646 541 τῶν
671 502 882 554 συμμάχων
903 503 1056 543 πλείους
1072 506 1145 538 τῶν
1166 498 1469 548 ἑπτακισχιλίων·
1494 500 1535 532 at
1554 494 1709 531 Plutar·

249 565 346 603 chus
367 565 405 602 in
425 565 632 603 Alcibiade
653 578 691 616 p.
713 570 804 604 201.
826 565 871 603 Β.
891 566 1102 608 enumerat,
1119 563 1282 603 ὁπλίτας
1303 559 1630 608 πεντακισχιλίους
1650 554 1712 593 καὶ

250 625 395 670 ἑκατὸν,
424 628 575 674 τοξότας
601 627 641 665 δὲ
667 629 728 665 καὶ
757 626 1006 679 σφενδονήτας
1033 626 1092 662 καὶ
1119 622 1252 674 ψιλοὺς
1280 624 1361 673 περὶ
1391 623 1620 670 τριακοσίους
1652 619 1712 657 καὶ

248 687 411 739 χιλίους·
443 688 512 738 qui
545 688 657 727 simul
686 688 834 727 faciunt
859 688 983 726 sexies
1008 686 1110 724 mille
1136 692 1176 724 et
1203 685 1519 734 quadringentos.
1576 681 1713 719 Hocce

253 754 381 787 tamen
402 748 611 788 discrimen
636 749 753 789 facile
773 749 983 801 poterimus
1002 760 1254 799 componere,
1275 746 1307 784 si
1327 745 1474 783 sontem
1493 743 1715 788 adierimus,

254 810 360 848 unde
381 810 436 848 illi
454 824 523 849 sua
540 811 774 850 hauserunt:
806 817 866 850 est
884 817 1011 849 autem
1031 810 1119 848 fons
1138 809 1210 847 iste
1228 806 1495 859 Thucydides,
1516 805 1582 856 qui
1602 805 1627 844 Ι.
1643 805 1715 843 VI.

255 884 290 909 c.
311 876 377 911 43.
407 872 505 911 dicit
525 873 783 911 Athenienses
813 885 836 910 a
863 872 1036 923 Corcyra
1069 884 1151 909 esse
1180 870 1380 921 profectos
1413 867 1590 914 navibus,
1619 872 1718 917 quot

256 933 438 980 diximus,
469 936 643 977 ὁπλίταις
675 933 712 972 δὲ
739 940 818 977 τοῖς
843 937 1030 985 ξύμπασιν
1055 932 1185 971 ἑκατὸν
1216 934 1277 969 καὶ
1299 931 1628 981 πεντακισχιλίοις,
1657 927 1716 966 καὶ

256 999 394 1034 τούτων
412 995 634 1043 Ἀθηναίων
653 996 721 1047 μὲν
741 998 864 1035 αὐτῶν
880 993 981 1041 ἦσαν
999 996 1233 1033 πεντακόσιοι
1251 993 1321 1044 μὲν
1335 994 1395 1029 καὶ
1414 991 1533 1043 χίλιοι
1551 990 1590 1027 ἐκ
1604 1004 1717 1028 κατα-

255 1057 387 1105 λόγου,
407 1056 618 1096 ἑπτακόσιοι
647 1057 683 1096 Ee*
709 1057 820 1104 θῆτες
843 1055 1022 1106 ἐπιβάται
1047 1063 1120 1095 τῶν
1151 1062 1254 1102 νεῶν,
1274 1055 1459 1106 ξύμμαχοι
1487 1051 1524 1090 δὲ
1548 1053 1583 1090 οἱ
1609 1053 1722 1089 ἄλλοι

257 1119 552 1172 ξυνεστράτευον,
578 1120 612 1158 οἷ
640 1122 711 1172 μὲν
736 1127 809 1159 τῶν
836 1121 1020 1168 ὑπηκόων,
1054 1118 1087 1156 οἶ
1121 1118 1149 1156 δ’
1177 1117 1361 1168 Ἀργείων
1391 1117 1639 1162 πεντακόσιοι,
1663 1115 1724 1151 καὶ

260 1179 488 1220 Βίαντινέων
507 1184 566 1220 καὶ
591 1185 828 1235 μισθοφόρων
850 1187 1077 1228 πεντήκοντα
1103 1182 1162 1218 καὶ
1190 1180 1382 1218 διακόσιοι·
1408 1181 1571 1224 τοξόταις
1589 1176 1626 1215 δὲ
1644 1181 1723 1219 τοῖς

262 1249 379 1282 πᾶσιν
394 1243 619 1292 ὀγδοήκοντα
636 1247 695 1282 καὶ
710 1244 959 1294 τετρακοσίοις
979 1259 1011 1281 κ.
1032 1260 1064 1281 τ.
1085 1246 1123 1281 λ.
1160 1241 1291 1280 Verba
1312 1241 1372 1278 καὶ
1392 1241 1530 1279 τοῦτων
1552 1245 1591 1278 et
1609 1251 1724 1290 seqq.

263 1303 471 1343 manifesto
490 1305 745 1344 Parenthesin
767 1305 937 1343 faciunt:
971 1305 1069 1342 hanc
1092 1302 1290 1340 Diodorus
1318 1300 1512 1339 conclusit
1538 1299 1576 1338 in
1597 1299 1725 1338 verbis

261 1365 444 1427 ἐπιβάται
462 1374 535 1406 τῶν
556 1374 660 1415 νεῶν,
690 1374 734 1405 ut
759 1367 892 1406 caeteri
919 1367 986 1417 qui
1014 1370 1266 1405 recensentur
1289 1363 1362 1401 illis
1381 1367 1486 1401 5100
1507 1374 1584 1399 non
1605 1360 1728 1399 conti-

266 1435 448 1468 neantur:
480 1430 712 1468 Plutarchus
731 1429 890 1468 demum
910 1428 949 1467 in
970 1428 1097 1466 verbis
1118 1428 1348 1471 πεντήκοντα
1368 1427 1427 1462 καὶ
1447 1423 1638 1470 διακόσιοι,
1659 1423 1728 1474 qui

265 1497 306 1528 et
329 1491 494 1541 Argivos
514 1497 552 1529 et
578 1491 748 1541 reliquos
777 1491 841 1528 illo
873 1503 1032 1529 numero
1053 1487 1374 1540 comprehendit;
1405 1485 1519 1536 cujus
1545 1485 1726 1536 equidem

269 1551 410 1590 rationi
436 1552 632 1591 calculum
658 1552 820 1602 adjicio,
840 1566 929 1591 cum
949 1552 1041 1602 quia
1061 1551 1159 1589 dicit
1183 1548 1436 1600 Thucydides
1456 1548 1575 1587 fuisse
1602 1547 1729 1599 gravis

267 1619 471 1652 armaturae
490 1616 575 1659 τοὺς
593 1618 810 1667 ξύμπαντας
829 1619 948 1661 5100,
966 1620 1047 1652 tum
1065 1626 1156 1651 vero
1177 1612 1282 1662 quod
1303 1612 1343 1649 in
1359 1610 1613 1661 sequentihus
1631 1612 1732 1657 τοξό-

270 1691 353 1718 ταις
375 1675 411 1714 δὲ
431 1681 518 1714 caet.
540 1676 678 1715 iterum
694 1677 825 1715 dativo
845 1677 979 1722 utitur,
1000 1688 1076 1725 quo
1091 1681 1131 1713 et
1146 1681 1236 1712 ante
1253 1688 1344 1712 usus
1362 1680 1456 1720 erat,
1474 1673 1619 1724 quique
1634 1686 1731 1724 pen-

272 1736 381 1775 deta
401 1738 717 1788 praecedentibus
749 1738 907 1789 ἄραντες
935 1738 973 1775 ἐκ
1001 1745 1065 1783 τῆς
1092 1737 1305 1787 Κερκύρας;
1336 1741 1387 1782 et,
1422 1735 1494 1772 nisi
1521 1735 1575 1774 ita
1604 1735 1734 1773 locum

273 1799 484 1849 capiamus,
516 1800 617 1839 ordo
648 1801 854 1839 verborum
884 1800 997 1838 valde
1031 1807 1090 1837 est
1115 1799 1378 1849 perturbatus.
1447 1797 1538 1834 Non
1567 1795 1737 1835 diffiteor

275 1866 403 1899 tamen
421 1874 548 1912 neque
567 1862 621 1900 sic
641 1862 769 1900 Iocum
787 1862 1032 1912 Thucydidis
1049 1861 1139 1898 satis
1156 1860 1278 1898 videri
1293 1859 1530 1910 expeditum,
1546 1865 1586 1896 et
1604 1865 1736 1908 putem

273 1921 312 1959 in
327 1922 398 1960 hos
418 1935 598 1960 numeros
619 1922 753 1961 vitium
777 1922 934 1972 aliquod
956 1921 1154 1972 irrepsisse
1167 1934 1177 1965 ;
1199 1920 1254 1958 illi
1274 1921 1376 1959 enim
1397 1933 1496 1971 quos
1518 1919 1737 1971 singulatim

277 1990 454 2022 recenset
474 1983 744 2035 Thucydides,
765 1985 795 2021 si
817 1984 929 2022 simul
946 1988 1235 2033 computentur,
1257 1982 1430 2020 nondum
1450 1987 1556 2020 3000
1574 1981 1740 2033 faciunt,

277 2051 316 2083 et
346 2045 529 2084 dicuntur
555 2059 578 2084 a
606 2045 819 2084 Plutarcho
848 2059 886 2096 p.
915 2048 1007 2083 200.
1030 2044 1076 2082 E.
1106 2044 1337 2094 Argivorum
1367 2050 1407 2082 et
1434 2043 1742 2081 Mantiuensium

276 2106 432 2145 affuisse
458 2111 564 2146 1000
595 2108 760 2146 ὁπλῖται.
817 2109 871 2145 At
900 2106 996 2144 illud
1018 2105 1153 2143 vitium
1185 2105 1266 2144 sine
1295 2104 1477 2143 codicum
1505 2105 1740 2144 auctoritate

281 2181 359 2207 non
378 2168 494 2207 facile
524 2168 610 2219 quis
642 2168 971 2219 corrigat.—His
1005 2172 1137 2205 autem
1171 2166 1311 2205 deinde
1342 2171 1461 2204 tantae
1491 2171 1743 2205 accesserunt

281 2230 419 2280 copiae,
435 2236 477 2269 ut
497 2231 536 2269 in
557 2230 692 2269 ultima
711 2230 777 2268 illa
796 2230 1016 2269 calamitate
1036 2228 1295 2280 quadraginta
1311 2227 1430 2266 millia
1444 2228 1743 2267 Atheniensium

283 2298 323 2330 et
356 2294 554 2331 sociorum
589 2291 815 2331 ceciderint.
872 2290 965 2330 Vid.
991 2290 1175 2342 Thucyd.
1201 2291 1225 2328 l.
1245 2290 1340 2329 VII.
1370 2303 1406 2328 c.
1429 2293 1509 2336 75„
1541 2291 1663 2329 [socr.
1691 2289 1743 2328 de

285 2353 389 2392 Pace
417 2368 458 2405 p.
480 2358 573 2396 176.
595 2355 640 2392 Β.
680 2354 796 2392 Conf.
826 2352 948 2391 Diod.
977 2352 1056 2391 Sic.
1084 2352 1110 2391 l.
1131 2352 1248 2391 XIII.
1279 2365 1314 2390 c.
1341 2356 1400 2392 19.
1429 2351 1744 2403 p..556..ibique

288 2415 514 2467 Wesseling.
1549 2451 1553 2455 .

342 2478 439 2516 Haec
459 2491 550 2516 vero
571 2492 689 2527 quum
718 2484 969 2530 appararetur
995 2477 1034 2516 in
1055 2477 1226 2516 Siciliam
1254 2476 1465 2527 expeditio,
1492 2475 1599 2527 prius
1627 2487 1744 2526 quam

287 2539 419 2579 classis
439 2540 574 2587 exiret,
594 2540 739 2579 accidit
760 2547 803 2579 ut
823 2554 898 2579 una
917 2546 1033 2578 nocte
1054 2552 1186 2578 omnes
1205 2539 1284 2577 fere
1304 2539 1462 2576 Hermae
1480 2537 1644 2576 Athenis
1664 2550 1749 2583 mu—¹

291 2601 503 2640 tilarentur.
562 2600 686 2650 Cujus
705 2600 758 2639 rei
779 2601 962 2651 quoniam
982 2599 1292 2651 frequentissima
1310 2605 1369 2638 est
1388 2604 1428 2637 et
1448 2598 1556 2650 apud
1571 2598 1748 2637 Andoci-

289 2663 395 2709 dem,
417 2669 456 2702 et
474 2663 580 2715 apud
610 2663 783 2713 reliquos
814 2663 928 2713 hujus
947 2663 1072 2701 aetatis
1093 2662 1301 2713 scriptores
1322 2661 1480 2707 mentio,
1507 2673 1639 2712 operae
1659 2673 1749 2712 pre-

292 2726 387 2765 tium
408 2725 583 2764 facturos
611 2738 681 2763 nos
705 2724 983 2771 existimamus,
1011 2725 1042 2762 si
1061 2737 1120 2770 ea,
1143 2736 1229 2772 quae
1261 2723 1309 2761 de
1338 2722 1409 2760 illis
1429 2722 1668 2774 collegimus,
1697 2721 1749 2760 ad

294 2787 536 2839 propositum
554 2793 728 2825 nostrum
747 2786 1040 2825 accommodate
1059 2797 1306 2836 exponamus.

348 2850 398 2888 Et
426 2849 591 2900 primum
622 2847 778 2898 quidem
814 2847 1026 2886 dicendum
1058 2847 1107 2885 de
1140 2846 1266 2884 forma
1295 2845 1543 2892 Hermarum,
1574 2857 1672 2896 quos
1702 2858 1750 2884 ex

293 2912 423 2963 lapide
443 2911 636 2962 quadrato
663 2910 784 2949 fuisse
810 2909 949 2955 factos,
977 2909 1185 2959 exsculpto
1210 2909 1292 2946 solo
1319 2908 1445 2959 capite
1470 2914 1510 2946 et
1530 2907 1757 2952 obscoenius,

293 2985 469 3024 expressa
491 2972 760 3025 pudendorum
785 2971 965 3023 imagine,
995 2984 1071 3010 uno
1099 2970 1179 3009 fere
1201 2970 1370 3010 omnium
1401 2969 1622 3008 testimonio
1645 2981 1752 3020 com-
