1878 3272
317 222 399 264 DE
430 222 822 265 ANTIPHONTE
854 225 1032 267 ORAT.
1064 225 1299 273 ATTICO.
1481 228 1529 269 13

84 329 396 378 Atheniensibus,
413 330 479 381 qui
499 330 601 368 Sami
620 330 883 375 versabantur,
903 331 1229 370 communicatum
1243 333 1316 377 est,
1338 338 1377 369 et
1397 345 1531 383 parum

84 392 222 439 abfuit,
244 393 350 443 quin,
372 391 646 441 adjuvantibus
666 391 758 429 illud
783 391 947 429 Athenis
979 393 1094 430 etiam
1127 393 1240 443 primi
1259 392 1406 431 ordinis
1426 394 1532 444 viris,

84 453 249 493 feliciter
278 454 446 493 cederet.
503 453 580 491 Sed
614 453 703 491 huic
741 453 957 492 Alcibiadis
989 454 1144 492 conatui
1175 455 1390 494 intercessit
1410 456 1534 508 Phry-

85 516 236 562 nichus,
257 516 348 553 Dux
367 515 662 553 Atheniensium
685 516 890 561 exercitus,
921 515 1061 553 callide
1081 516 1315 568 intelligens,
1335 518 1533 557 Alcibiadi

85 590 163 617 non
182 578 301 628 magis
321 590 531 628 paucorum
552 577 789 616 dominatum
811 590 914 615 curae
941 591 1040 623 esse,
1063 591 1177 627 quam
1198 586 1340 617 statum
1368 582 1534 631 popula-

87 653 179 686 rem,
199 639 265 677 sed
297 639 335 676 id
372 645 519 677 tantum
541 639 678 690 quaeri,
704 639 830 689 (quod
851 645 988 689 postea
1008 645 1169 677 eventus
1191 642 1474 691 comprobavit)
1494 649 1535 681 ut

84 702 179 752 ipse,
199 701 391 739 discordia
412 701 512 739 inter
530 701 697 739 civitatis
714 701 884 738 Ordines
911 713 1056 751 sparsa,
1078 701 1128 739 ab
1159 701 1346 740 alterutra
1366 711 1475 753 parte
1495 704 1534 742 in

82 762 264 800 auxilium
304 770 477 801 vocetur.
551 763 725 813 Longum
759 769 861 800 esset
896 775 1088 808 enarrare,
1129 776 1218 813 quae
1258 763 1534 814 impedimenta

83 823 327 875 Phrynichus
348 825 561 862 Alcibiadis
581 824 745 863 consilio
765 823 966 874 objecerit.
1021 823 1200 862 Tandem
1233 823 1421 863 Pisander
1454 827 1535 864 alii-

83 898 160 936 que
191 885 326 936 Legati
357 885 531 923 Athenas
559 885 730 933 veniunt,
752 885 896 935 populo
926 887 1160 935 persuasuri,
1189 892 1231 923 ut
1251 885 1476 925 Alcibiades
1497 888 1535 926 in

83 947 245 997 patriam
267 953 483 993 revocetur,
505 954 556 992 et,
587 954 735 985 mutata
765 946 928 997 antiqua
957 947 1117 997 regendi
1151 946 1288 992 forma,
1319 949 1536 999 respublica

82 1009 376 1060 quadringentis
397 1009 682 1048 committatur:
707 1008 814 1059 quod
836 1008 866 1046 si
886 1008 1069 1055 facerent,
1085 1021 1152 1046 eos
1172 1009 1372 1048 Persarum
1389 1010 1536 1062 Regem

84 1070 178 1108 belli
211 1070 356 1109 socium
389 1071 600 1116 habituros,
634 1071 691 1108 sin
723 1070 860 1115 minus,
888 1083 935 1108 ne
961 1070 1083 1121 ipsam
1105 1071 1263 1120 quidem
1284 1071 1448 1110 salutem
1470 1086 1536 1112 eos

83 1138 332 1170 servaturam.
365 1133 450 1170 Hac
465 1133 696 1170 necessitate
709 1133 877 1182 populus
894 1133 1134 1183 compulsus,
1149 1133 1186 1170 in
1203 1133 1381 1171 Pisandri
1397 1141 1435 1173 et
1448 1136 1535 1174 reli-

82 1206 244 1244 quorum
262 1194 474 1244 legatorum
493 1194 724 1231 sententiam
740 1193 936 1239 concedit,
954 1200 992 1231 et
1006 1194 1295 1232 Democratiam
1313 1195 1538 1246 Oligarchia

81 1261 308 1294 commutat.
366 1255 670 1294 constituuntur
704 1255 927 1293 Decemviri
950 1255 1177 1306 reipublicae
1198 1255 1426 1294 ordinandae
1447 1271 1538 1297 cum

82 1330 228 1356 summa
247 1324 457 1369 potestate,
479 1319 548 1369 qui
569 1324 673 1356 certa
700 1317 763 1356 die
783 1318 832 1356 ad
860 1318 1048 1369 populum
1070 1317 1251 1365 referant,
1273 1331 1361 1369 quae
1390 1322 1539 1372 optima

82 1379 133 1419 sit
152 1380 251 1419 ratio
273 1380 514 1431 Reipublicae
535 1380 866 1419 administrandas.
897 1380 962 1425 Hi,
982 1380 1049 1418 ubi
1066 1380 1149 1418 dies
1164 1380 1333 1428 advenit,
1348 1384 1536 1432 populum

83 1449 235 1494 rogant,
255 1449 296 1481 ut
325 1442 444 1481 cuivis
474 1442 769 1481 Atheniensium
790 1441 1034 1489 sententiam,
1055 1454 1332 1494 quamcunque
1353 1444 1457 1491 velit,
1477 1445 1538 1483 di-

82 1517 170 1543 cere
199 1505 358 1556 impune
379 1504 440 1542 sit.
497 1505 584 1549 Qua
603 1502 760 1542 dicendi
784 1505 960 1543 libertate
990 1518 1191 1550 concessa,
1220 1518 1352 1543 omnes
1377 1519 1537 1545 censue-

84 1573 188 1612 runt,
221 1566 404 1616 antiquos
437 1566 689 1616 Magistratus
715 1578 799 1604 esse
818 1566 1085 1605 abdicandos:
1116 1566 1229 1604 simul
1248 1567 1421 1617 quinque
1442 1580 1536 1607 con·

83 1628 206 1666 cionis
224 1627 417 1666 Praesides
438 1627 676 1677 delegerunt,
697 1640 718 1665 a
739 1627 880 1678 quibus
894 1640 1027 1666 rursus
1046 1634 1200 1666 centum
1218 1628 1281 1666 alii
1302 1628 1374 1666 viri
1392 1629 1538 1679 delige-

83 1696 229 1736 rentur,
249 1700 415 1739 quorum
434 1688 574 1739 singuli
605 1687 679 1727 sibi
700 1695 777 1727 tres
804 1689 901 1727 alios
920 1696 1164 1739 coum-arent,
1181 1689 1219 1727 hi
1240 1690 1408 1741 denique
1430 1691 1539 1735 Qua-

81 1750 275 1800 dringenti
301 1750 578 1800 rempublicam
609 1761 698 1788 cum
728 1761 876 1788 summa
896 1756 1089 1800 potestate
1108 1750 1435 1790 administrarent.
1492 1753 1538 1791 In

84 1812 156 1850 hac
194 1811 356 1849 historia
390 1811 605 1850 enarranda
648 1812 890 1863 potissimum
928 1812 1051 1850 secuti
1083 1826 1214 1852 sumus
1251 1813 1538 1853 Historicorum

81 1873 310 1924 principem,
330 1873 604 1924 Thucydidem
625 1873 650 1911 l.
680 1873 792 1911 VIII.
821 1873 884 1912 cui
910 1874 1102 1925 jungendi
1124 1881 1212 1913 sunt
1232 1875 1372 1925 Nepos
1388 1883 1427 1914 et
1447 1876 1539 1915 Plu-

81 1935 238 1973 tarchns
271 1935 309 1972 in
343 1934 564 1983 Alcibiade,
598 1934 764 1972 Diodor.
798 1935 920 1973 Sicul.
952 1935 979 1973 l.
1015 1936 1133 1974 XIII.
1165 1942 1205 1974 et
1234 1937 1410 1975 Justinus
1430 1938 1455 1975 l.
1489 1939 1538 1977 V.

82 1996 187 2035 Talis
205 2009 249 2034 ac
269 2002 387 2035 tantae
409 1996 673 2052 conversionis
701 1997 926 2047 praecipuus
959 1997 1199 2036 architectus
1226 1999 1298 2036 fuit
1318 1999 1537 2050 Antiphon,

83 2064 126 2096 ut
145 2071 261 2109 supra
279 2059 461 2104 diximus,
484 2059 554 2097 sed
569 2059 725 2097 latitans
746 2071 852 2096 more
874 2072 958 2105 suo,
975 2065 1013 2097 et
1034 2059 1205 2098 consiliis
1225 2060 1460 2112 monitisque
1481 2062 1539 2099 in-

82 2128 233 2159 struens
255 2121 497 2168 Pisandrum,
514 2121 688 2172 aliosque
708 2121 862 2172 pristini
883 2129 1006 2160 status
1027 2134 1236 2160 eversores.
1259 2123 1537 2174 Thucydides:

82 2184 102 2220 ὀ
119 2184 246 2234 μέντοι
266 2185 371 2221 ἅπαν
390 2184 430 2222 τὸ
451 2190 610 2235 πρᾶγμα
630 2185 782 2229 ξυνθεὶς,
804 2183 874 2236 ὅτῳ
894 2186 1015 2236 τρόπῳ
1035 2185 1192 2230 κατέστη
1211 2188 1265 2228 εἷς
1285 2190 1402 2230 τοῦτο,
1423 2188 1481 2223 καὶ
1500 2186 1540 2223 εἰ·

82 2247 260 2282 πλείστου
286 2244 537 2293 ἐπιμεληθεὶς,
568 2245 756 2297 Ἀντιφῶν
781 2244 828 2291 ἦν
849 2252 925 2283 etc.
946 2246 1171 2284 Philostrat.
1194 2250 1375 2285 κατέλυσε
1394 2253 1460 2293 τὴν
1481 2247 1541 2295 δη-

82 2308 303 2360 μοκρατίαν,
324 2307 505 2345 έδούλωσε
533 2307 598 2346 τὸν
631 2308 844 2354 Ἀθηναίων
864 2307 991 2359 δῆμον.
1014 2307 1451 2348 Pseudo-Plutarchus:
1482 2313 1539 2349 καὶ

80 2373 334 2421 παρατέτακεν
353 2369 420 2412 ἕως
440 2373 677 2412 καταλύσεως
708 2377 773 2415 τῆς
807 2369 1055 2421 δημοκρατίας
1084 2371 1155 2409 ὑπὸ
1188 2378 1261 2409 τῶν
1293 2376 1539 2421 τετρακοσίων

83 2435 303 2483 γενομένης,
331 2435 378 2478 ἣν
409 2430 518 2474 αὐτὸς
550 2430 643 2468 δοκεῖ
676 2433 1035 2480 συγκατασκευάσαι.
1066 2432 1252 2470 Photius:
1282 2435 1470 2482 παρέτεινε
1502 2434 1538 2472 δὲ

81 2493 146 2531 τὸν
164 2491 252 2540 βίον
267 2493 334 2536 ἕως
352 2500 416 2539 τῆς
432 2493 502 2530 ὑπὸ
524 2499 595 2530 τῶν
619 2501 638 2530 {a
654 2496 859 2544 γενομένης
876 2496 1124 2539 καταλύσεως,
1141 2494 1185 2540 ἧς
1201 2496 1262 2531 καὶ
1280 2495 1393 2533 αὐτὸν
1413 2498 1539 2533 αἰτίαν

80 2557 343 2606 μετεσχηκέναι
363 2556 455 2607 φασὶ
475 2560 707 2605 παρασχεῖν.
728 2567 816 2605 quae
846 2555 972 2592 Photii
999 2556 1128 2601 verba,
1150 2568 1172 2593 a
1190 2555 1353 2594 librariis
1369 2558 1537 2601 turbata,

70 2615 134 2663 ¹sit:
161 2615 198 2654 in
228 2616 400 2654 ordinem
432 2630 576 2666 cogas:
606 2616 650 2662 ἧς
680 2619 739 2654 καὶ
768 2617 882 2655 αὑτὸν
912 2622 1191 2669 μετεσχηκέναι,
1213 2621 1271 2656 καὶ
1299 2622 1425 2656 αἰτίαν
1445 2619 1537 2669 φασὶ

80 2682 307 2728 παρασχεῖν.
363 2678 452 2716 Huc
487 2678 601 2716 etiam
635 2679 806 2729 pertinet
837 2679 945 2717 locus
978 2680 1128 2717 Libanii
1149 2681 1341 2731 Apologia
1363 2680 1535 2717 Socratis

81 2749 120 2787 p.
136 2740 228 2776 651.
249 2739 317 2778 ubi
337 2739 430 2777 licet
448 2740 700 2790 Antiphontis
720 2753 860 2778 nomen
889 2740 1111 2785 reticeatur,
1140 2740 1231 2778 satis
1263 2748 1389 2778 tamen
1411 2746 1533 2792 patet,

83 2810 160 2835 non
185 2797 300 2836 alium
331 2800 503 2851 intelligi,
535 2800 605 2837 nisi
633 2800 942 2851 Antiphontem:
985 2803 1071 2838 ἀλλ’
1096 2805 1159 2839 οὒκ
1192 2801 1320 2847 ἔδειξεν
1345 2801 1458 2838 αὑτὸν
1495 2802 1536 2840 ἐν

81 2862 198 2912 μέσῳ,
218 2859 344 2911 λάθρα
364 2862 403 2899 δὲ
433 2862 472 2900 τὸ
501 2865 660 2914 πρᾶγμα
693 2862 902 2910 συνέθηκεν,
923 2866 972 2906 ὡς
993 2865 1094 2916 ὄχλῳ
1115 2865 1183 2914 μὲν
1203 2866 1266 2900 οὐκ
1286 2862 1426 2907 εἰωθὼς
1446 2871 1536 2916 χρῆ-

81 2920 186 2967 σθαι,
217 2929 288 2960 τῶν
322 2922 351 2960 δ’
376 2926 497 2962 αὐτῶν
527 2925 676 2968 ἐκείνοις
706 2924 912 2976 ἐπιθυμῶν.
943 2925 1064 2976 ἑτέρου
1085 2930 1202 2962 ταῦτα
1229 2923 1275 2970 ἧν
1300 2929 1363 2962 τοῦ
1385 2927 1444 2962 καὶ
1462 2929 1535 2964 τῶν

79 2985 321 3033 τετρακοσίων
349 2983 446 3031 ἑνὸς,
480 2987 538 3023 καὶ
565 2987 686 3034 λόγον
715 2985 881 3037 ὕστερον,
911 2984 964 3026 εἶν
999 2985 1119 3033 ἔδοξεν
1141 2985 1292 3032 ἀδικεῖν,
1326 2985 1534 3031 δεδωκότος.
