1816 3272
383 233 719 276 LECTIONES
753 232 1153 276 ANDOCIDEAE.
1410 233 1493 274 203

35 338 247 385 veneratio,
271 344 312 378 ut
327 339 554 391 plerumque
585 340 862 379 dedicarentur
881 340 1024 379 oblatis
1054 339 1152 384 ollis,
1171 351 1258 389 quae
1290 336 1492 387 legumini‘

35 400 108 438 bus
127 400 186 438 vel
206 400 317 451 pulte
349 405 479 439 essent
505 400 696 452 repletae3
726 414 812 439 cum
836 400 983 450 majora
1010 400 1217 439 simulacra
1244 400 1415 437 Deorum
1437 398 1489 435 vi-

35 461 161 499 ctimis
182 461 292 501 caesis
310 462 530 501 consecrari
550 462 730 500 solerent.
775 462 975 512 Aristoph.
997 462 1035 500 in
1055 462 1157 500 Pace
1180 474 1216 498 v.
1238 465 1329 500 9:22.

479 550 616 598 ταύτην
634 551 790 602 χύτραις
811 549 987 600 ἱδρυτέον.

298 611 392 662 Χορ.
409 611 633 663 Χύτραισιν,
652 615 773 662 ὥσπερ
793 612 1033 663 μεμφόμενον
1050 607 1259 659 Ἑρμίδιον;

34 703 84 742 ad
106 717 221 755 quem
251 704 381 743 locum
409 705 670 744 consulendus
690 705 848 744 omnino
882 704 1129 743 Scholiastes.
1186 703 1330 740 Verum
1352 716 1399 740 cx
1420 701 1492 739 hac

34 766 200 817 longiori
215 766 468 818 digressione,
484 781 563 819 quo
580 781 641 806 me
662 765 1044 816 induxitjucundum
1060 764 1312 815 Antiquitatis
1331 776 1494 814 praeser-

34 826 103 865 tim
122 827 272 866 Atticae
290 828 476 874 studium,
499 828 538 867 in
565 829 680 875 viam,
710 828 750 867 id
783 833 855 873 est,
876 827 926 866 ad
954 825 1198 866 Andocidem
1220 831 1259 864 et
1279 825 1375 863 male
1396 825 1492 863 mul-

33 894 159 927 ctatos
180 889 345 928 Hermas
365 890 501 929 redeat
518 891 655 930 oratio.
1339 889 1355 903 ⁴

88 951 180 990 Non
199 951 268 991 diu
286 953 404 1005 igitur
422 958 513 992 aute
528 953 658 992 classis
679 953 839 1000 exitum,
859 952 917 991 uti
936 950 1115 997 diximus,
1139 951 1295 990 Hermae
1313 949 1394 988 fere
1408 961 1492 986 om-

34 1025 102 1051 nes
121 1026 191 1064 per
208 1015 342 1053 urbem
364 1028 439 1054 una
455 1022 570 1054 nocte
586 1008 742 1055 fuerunt
763 1014 940 1060 mutilati,
959 1020 1001 1052 ut
1020 1020 1165 1064 parteS,
1180 1026 1269 1064 quae
1282 1017 1493 1056 exstarent,

34 1075 82 1113 iis
100 1077 423 1126 praeciderentur.
468 1078 599 1133 Quod
620 1077 723 1116 enim
742 1077 909 1138 dqjectos
930 1076 1047 1115 fuisse
1074 1075 1175 1114 dicit
1194 1075 1331 1126 Nepos
1359 1074 1398 1112 in
1425 1073 1494 1111 Al-

36 1137 115 1176 cib.
136 1138 175 1176 id
196 1139 432 1191 reliquorum
448 1140 621 1178 omnium
642 1146 836 1191 repugnat
851 1145 1054 1178 auctorum
1071 1136 1325 1176 testimoniis:
1346 1148 1496 1186 semper

37 1199 138 1238 enim
152 1201 328 1248 Veteres,
341 1202 407 1240 ubi
426 1203 474 1241 de
491 1201 566 1241 hoc
583 1202 688 1240 facto
707 1202 937 1253 loquuntur,
951 1207 1094 1239 vocant
1108 1200 1260 1252 Ἕρμων
1275 1201 1493 1250 περικοπὴνῑ

36 1266 75 1299 et
94 1262 236 1301 diserte
255 1263 353 1303 dicit
372 1264 626 1316 Thucydides
655 1265 679 1302 l.
700 1265 771 1302 VI.
794 1278 829 1303 c.
851 1269 916 1306 27.
936 1265 1203 1316 περιεκόπησαν
1222 1266 1270 1301 τά
1288 1265 1468 1314 πρόσωπα
1484 1275 1494 1299 z

35 1323 128 1369 item
145 1325 375 1365 Plutarchus
396 1327 434 1364 11]
450 1326 580 1366 Alcib.
600 1340 640 1378 p.
655 1330 747 1365 200.
765 1327 809 1364 C.
840 1333 912 1366 τῶν
930 1329 1115 1364 πλείστων
1129 1326 1496 1377 ἀκρωτηριασθέντων

36 1388 84 1423 τά
111 1389 307 1437 πρόσωπα.
357 1388 567 1427 Pausanias
589 1402 681 1427 vero
701 1389 739 1427 in
759 1388 904 1428 Lexico
918 1387 1058 1426 Attico
1078 1400 1154 1425 non
1176 1393 1324 1425 tantum
1344 1385 1495 1423 vultum

36 1447 111 1486 illis
126 1448 245 1487 fuisse
266 1450 470 1501 praecisum
488 1450 600 1498 dixit,
617 1451 683 1490 sed
705 1451 860 1490 addidit
875 1450 960 1495 τοὺς
978 1452 1191 1504 τραχήλους
1212 1451 1271 1486 καὶ
1291 1451 1339 1488 τοὶ
1360 1447 1498 1493 αἰδοῖα,

38 1516 80 1547 111
93 1516 232 1558 auctor
243 1518 301 1550 est
314 1512 444 1551 Schol.
457 1512 643 1564 Thucyd.
663 1513 712 1551 ad
733 1513 772 1550 d.
789 1513 813 1550 1.
829 1518 948 1563 atque
963 1512 1038 1550 hoc
1053 1511 1143 1561 jure
1163 1511 1291 1562 possit
1303 1510 1433 1560 colligi
1453 1523 1499 1547 ex

39 1571 243 1623 Aristoph.
272 1574 434 1625 Lysistr.
457 1588 494 1612 v.
515 1579 635 1614 1095.
669 1574 735 1613 ubi
764 1575 910 1625 legatos
940 1572 1326 1611 Lacedaemoniorum
1347 1572 1499 1610 obscoe-

38 1635 124 1673 nius
143 1637 343 1684 ἑστηκότας
360 1650 468 1675 senes
484 1636 609 1675 Attici
627 1642 806 1675 mouent:

362 1723 410 1760 Ei
431 1728 651 1774 σωφρονεῖτε
671 1721 851 1774 ἓοιμάτια
870 1719 1046 1771 λήψεσθ’,
1067 1720 1166 1763 ὅπως

359 1784 444 1823 Τῶν
462 1784 740 1836 “Ερμοκοπιδῶν
760 1787 810 1836 μή
830 1801 886 1827 τις
904 1785 1002 1834 ὑμᾶς
1023 1783 1168 1833 ὄψεται.

39 1877 156 1916 Conf.
177 1878 339 1918 Palmer.
360 1879 500 1918 Exere.
520 1879 558 1917 111
578 1881 694 1918 Α1101.
710 1880 783 1917 Gr.
808 1893 845 1930 p.
867 1884 931 1918 53.
970 1880 1044 1917 Per
1064 1878 1163 1916 hanc
1184 1890 1276 1915 vero
1296 1888 1387 1926 erga
1402 1875 1502 1913 Her-

39 1951 121 1978 mas
140 1939 376 1987 violentiam,
397 1942 428 1978 si
449 1954 565 1979 unum
587 1940 756 1992 excipias
777 1939 1038 1987 Alcibiadem,
1063 1953 1176 1977 nemo
1205 1937 1503 1976 Atheniensium

40 2001 246 2041 Andocide
260 2005 378 2053 magis
390 2009 450 2041 est
462 2004 703 2042 nobilitatus,
732 2003 861 2047 Quum
875 2003 977 2041 enim
991 2003 1055 2040 illa
1068 2007 1180 2040 nocte
1197 2000 1333 2049 reliqui
1347 1999 1503 2036 Hermae

40 2070 173 2103 essent
188 2066 368 2113 mutilati,
385 2066 488 2103 solus
511 2065 588 2104 fere
604 2066 649 2112 is,
666 2065 733 2115 qui
747 2066 794 2103 ad
812 2065 935 2103 aedem
953 2064 1188 2102 Phorbantis
1204 2075 1328 2114 prope
1343 2061 1501 2100 domum

42 2125 261 2165 Andocidis
273 2127 323 2165 ab
337 2128 498 2178 AEge'ide
509 2127 634 2165 Tribu
649 2134 732 2165 erat
744 2127 964 2174 dedicatus,
975 2127 1116 2165 illaesus
1131 2131 1170 2162 et
1186 2125 1335 2174 integer
1346 2123 1503 2172 mansit,

43 2186 212 2238 indeque
233 2189 452 2227 Andocidis
474 2189 636 2227 Hermes
656 2189 950 2239 cognominatus
970 2194 1041 2227 est.
1084 2187 1176 2224 Vid.
1192 2192 1333 2237 praeter
1350 2198 1396 2222 ea
1413 2197 1502 2234 quae

43 2261 160 2300 supra
178 2249 357 2296 diximus,
374 2250 578 2288 AEschines
598 2250 648 2288 de
669 2250 780 2288 Falsa
802 2251 935 2300 Legat.
953 2263 992 2300 p.
1010 2254 1075 2290 17.
1092 2262 1126 2287 v.
1147 2252 1227 2293 39„
1244 2246 1446 2284 Plutarch.
1464 2245 1503 2282 111

43 2311 175 2350 Alcib.
191 2325 231 2363 p.
248 2316 343 2351 201.
365 2313 408 2352 F.
427 2312 466 2350 in
486 2311 601 2350 Nicia
621 2325 661 2363 p.
686 2315 776 2350 531.
798 2311 844 2350 E.
867 2311 934 2349 ubi
954 2311 1060 2348 illum
1080 2309 1134 2348 ait
1152 2310 1317 2360 κείμενον
1341 2307 1412 2360 πρὸ
1440 2314 1505 2353 τῆς

44 2374 127 2411 τότε
157 2372 270 2419 οὔσης
298 2373 520 2412 Ἀνδοκίδου
548 2376 685 2417 οἰκείας
720 2373 761 2424 (1.
794 2374 950 2422 οἶκίας);
983 2378 1023 2410 ut
1056 2371 1192 2409 misere
1223 2375 1327 2407 erret
1354 2371 1507 2407 Auctor

48 2435 253 2473 Orationis
271 2441 407 2474 contra
427 2435 685 2481 Andocidem,
713 2434 780 2485 qui
811 2434 937 2486 Lysiae
960 2447 1100 2472 nomen
1120 2433 1300 2471 mentitus
1329 2437 1409 2470 est:
1442 2431 1506 2468 hic

45 2496 146 2534 enim
177 2502 308 2535 narrat
337 2511 376 2548 p.
402 2500 494 2535 104.
516 2511 551 2534 v.
572 2502 638 2536 15.
667 2496 910 2534 Andocidem
940 2508 1145 2534 accusasse
1175 2492 1400 2545 quemdam,
1429 2492 1508 2530 sive

45 2559 304 2610 Archippum,
327 2561 404 2597 sive
425 2559 679 2610 Aristippum,
699 2557 854 2605 ἀσεβεῖν
880 2560 961 2611 περὶ
978 2558 1040 2596 τὸν
1061 2557 1204 2609 Ἑρμῆν
1224 2556 1288 2593 τὸν
1307 2557 1417 2592 αὑτοῦ
1434 2569 1508 2590 πα-

46 2612 185 2672 τρῷονε
216 2621 282 2658 ubi
308 2626 413 2658 recte
432 2621 579 2672 Taylor
599 2621 694 2671 legit
721 2621 846 2670 αὑτοῦ,
868 2619 1050 2670 quoniam
1078 2619 1142 2656 illa
1169 2616 1395 2656 defensione
1417 2626 1507 2652 usus

47 2680 192 2719 (licitur
210 2682 283 2719 iste
301 2683 524 2734 Aristippus
540 2696 548 2720 :
577 2681 600 2728 ἦ
619 2685 694 2734 μὴν
713 2682 777 2720 τὸν
794 2684 933 2733 Ἑρμῆν
948 2683 1038 2730 ὑγιᾶ
1057 2697 1094 2719 τε
1123 2682 1183 2718 καὶ
1202 2679 1292 2716 ὅλον
1312 2676 1420 2722 εἶναι,
1450 2677 1509 2713 καὶ

46 2741 161 2793 μηδὲν
188 2746 321 2784 παθεῖν
339 2741 459 2795 ὦνπερ
486 2745 520 2782 οἱ
551 2744 664 2782 ἄλλοι
689 2744 849 2795 Ἑρμαῖς
880 2744 988 2793 quod
1017 2742 1223 2781 manifesto
1249 2739 1298 2777 ad
1319 2738 1507 2782 Hermen,

49 2803 268 2842 Andocidis
289 2806 355 2855 qui
377 2806 594 2852 dicebatur,
617 2805 864 2844 referendum
886 2811 957 2844 est.
1014 2806 1074 2842 Ac
1102 2804 1151 2841 de
1178 2800 1332 2839 Hermis
1354 2799 1510 2849 quidem

51 2871 90 2904 et
119 2879 252 2904 eorum
289 2867 530 2906 mutilatione
565 2868 650 2906 haec
685 2881 756 2919 pro
784 2873 915 2906 nostro
950 2867 1129 2905 instituto
1159 2864 1264 2902 dict-1
1293 2861 1508 2899 sufficiun:

51 2935 229 2977 superest
256 2934 297 2965 111
325 2928 536 2975 videamus,
558 2942 674 2980 quam
697 2929 770 2967 vim
802 2929 887 2966 haec
909 2941 969 2966 res
995 2926 1299 2975 l1abne1·it,cum
1329 2923 1367 2960 in
1394 2923 1510 2960 Rem-

53 2989 252 3038 publicam
273 2989 682 3038 Α11101110115111111,111111
703 2991 740 3029 iu
762 2991 1015 3039 ν1111111’11(]110
1038 2987 1177 3026 foi-'tun
1172 3000 1212 3024 15
1228 2984 1456 3023 Andocidis.
