1878 3272
324 260 406 303 DE
442 257 835 302 ANTIPHONTE
870 254 1049 297 ORAT.
1083 250 1313 294 ATTICO.
1504 246 1552 286 19

575 392 752 432 CAPUT
782 390 1070 435 QUARTUM.

153 484 288 523 Plures
308 481 570 533 Antiphontes
591 479 737 518 clarum
763 478 801 515 in
824 478 944 516 literis
964 490 1103 514 nomen
1124 476 1369 518 habuerunt3
1399 486 1445 511 ex
1466 472 1553 522 qui—

99 547 172 586 bus
192 547 271 585 duo
292 543 464 596 inprimis
484 543 656 593 ipsorum
679 547 849 579 veterum
882 538 1132 589 negligentia,
1154 537 1296 584 dicam,
1318 549 1365 574 an
1387 534 1555 578 inscitia,

99 622 189 648 cum
208 607 449 657 Antiphonte
473 604 713 642 Rhamnusio
739 616 844 653 saepe
868 600 1062 640 confudit.
1121 600 1204 637 Nos
1227 598 1394 637 breviter
1414 596 1463 634 de
1485 595 1556 633 illis

99 670 352 720 disputemus,
371 665 523 704 omissis
544 678 631 716 quae
654 665 818 710 Ionsius,
840 662 1054 707 Fabricius,
1076 666 1114 699 et
1143 660 1204 697 Cl.
1225 660 1418 710 Taylorus
1446 659 1555 696 Lect.

99 730 250 782 Lysiac-
270 742 305 767 c.
321 727 414 765 VII.
436 731 692 778 occuparunt,
712 732 764 773 et,
782 725 849 775 qui
869 722 1096 762 secernendi
1118 722 1207 768 sint,
1223 726 1407 758 accurate
1429 731 1557 757 secer-

102 804 251 829 namus.

155 853 187 892 Ι.
216 851 420 903 Antiphon
440 853 720 903 τερατοσκόπος,
742 849 819 888 sive
840 849 1045 898 lmruspeoe,
1067 859 1182 898 quem
1204 845 1253 883 ab
1274 845 1440 884 Oratore
1461 843 1559 881 benc

101 913 304 964 distinguit
338 914 603 964 Hermogenes
632 914 681 951 de
714 913 841 951 Form.
876 912 989 949 Orat.
1022 910 1075 948 II.
1108 923 1147 960 p.
1178 912 1272 948 497.
1330 905 1561 944 Rectissime

101 976 217 1014 etlam
242 976 405 1015 Suidas:
434 978 636 1029 Ἀντιφῶν,
663 977 874 1022 Ἀθηναῖος,
895 974 1180 1024 τερατοσκόπος,
1209 973 1268 1009 καὶ
1295 969 1484 1014 ἐποποιὸς,
1505 969 1563 1004 καὶ

102 1041 295 1090 σοφιστῆς.
311 1039 476 1076 ἐκαλεῖτο
492 1037 530 1076 δὲ
549 1037 842 1089 λογομάγειρος.
875 1036 984 1073 Ideni
1002 1049 1051 1073 ex
1071 1034 1148 1072 alio
1167 1039 1324 1072 auctore
1340 1046 1349 1070 :
1367 1032 1563 1082 Ἀντιφῶν,

101 1102 318 1147 Ἀθηναῖος,
335 1102 591 1152 ὀνειροκρίτης,
612 1101 694 1151 περὶ
708 1103 859 1148 κρίσεως
874 1099 1025 1148 ὀνείρων
1042 1096 1195 1147 ἔγραψε.
1226 1095 1389 1133 Tzetzes
1403 1092 1565 1131 Scholio

107 1162 196 1203 MS.
221 1163 329 1213 quod
354 1175 468 1212 supra
493 1162 684 1208 dedimus,
706 1174 792 1199 eum
814 1160 953 1198 scribit
977 1158 1190 1196 Alexandri
1216 1163 1389 1207 tempore
1411 1154 1563 1192 vixisse.

105 1224 184 1262 Sed
205 1225 367 1262 multum
393 1224 551 1262 fallitur.
608 1223 715 1261 Vixit
736 1222 836 1260 enim
857 1229 1033 1271 tempore
1061 1219 1249 1264 Socratis,
1272 1225 1312 1256 et
1331 1216 1486 1255 invidus
1507 1216 1565 1254 di-

104 1286 180 1324 vini
199 1286 270 1324 viri
290 1286 545 1331 obtrectator,
566 1284 780 1336 discipulos
794 1285 852 1322 'ab
871 1296 917 1322 eo
939 1289 1112 1321 avertere
1130 1281 1307 1320 tentavit.
1366 1279 1564 1330 Diogenes

103 1348 235 1386 Laert.
253 1347 307 1385 II.
329 1352 394 1386 46.
416 1362 461 1385 ex
479 1347 710 1386 Aristotele:
731 1347 912 1396 Σωκράτει
931 1362 1001 1392 τις,
1027 1346 1104 1382 καθ’
1129 1346 1154 1381 ἃ
1168 1345 1281 1394 φησὶν
1305 1343 1566 1393 Ἀριστοτέλης

105 1408 147 1447 ἐν
163 1412 270 1460 τρίτῳ
291 1410 373 1459 περὶ
386 1408 599 1455 Ποιητικῆς,
620 1409 836 1458 ἐφιλονείκει
854 1408 1080 1458 Ἀντίλοχος
1096 1405 1286 1456 Λήμνιος,
1302 1406 1361 1442 καὶ
1374 1404 1566 1454 Ἀντιφῶν

107 1472 127 1508 ὁ
142 1472 423 1522 τερατοσκόπος.
447 1470 511 1508 ubi
533 1470 610 1521 vid.
633 1469 873 1520 Menagium.
929 1467 1099 1507 Socratis
1120 1481 1207 1506 cum
1227 1467 1303 1505 hoc
1324 1465 1569 1517 Antiphonte

105 1533 396 1571 contentionem
416 1531 575 1581 copiose
594 1537 634 1569 et
650 1531 846 1581 eleganter
861 1530 1032 1581 explicat
1053 1530 1275 1581 Xenophon
1293 1528 1513 1567 Memorat).
1537 1529 1568 1565 I.

108 1597 147 1633 9.
177 1593 253 1631 Sed
271 1593 501 1631 Plutarchus
520 1601 560 1631 et
574 1593 753 1639 Photius‚
771 1593 962 1643 quadrata
983 1593 1159 1630 rotundis
1176 1592 1336 1630 miscere
1352 1591 1470 1639 soliti,
1485 1591 1570 1629 haec

111 1667 187 1692 non
222 1654 271 1692 de
285 1654 543 1704 -Antiphonte
582 1655 860 1698 Onirocritico,
896 1655 963 1693 sed
998 1655 1047 1693 de
1080 1654 1326 1692 Rhamnusia
1358 1654 1570 1704 accipiunt.

112 1716 312 1754 Plutarchi
334 1716 451 1754 verba
471 1716 556 1754 llaec
577 1722 691 1754 sunt:
723 1716 917 1768 διατριβὴν
938 1716 974 1755 Ee*
995 1719 1210 1763 συνέστησε,
1233 1718 1291 1753 καὶ
1314 1715 1497 1765 Σωκράτει
1518 1716 1569 1767 τῷ

115 1781 305 1832 φιλοσόφῳ
325 1779 502 1832 διεφέρετο
519 1783 586 1826 τὴν
606 1781 701 1830 ὑπὲρ
723 1787 796 1818 τῶν
816 1782 943 1828 λόγων
962 1779 1154 1831 διαφορὰν,
1174 1780 1216 1816 οὐ
1235 1778 1463 1830 φιλονείκως,
1484 1779 1572 1815 ἀλλ’

111 1841 342 1890 ἐλεγκτικῶς,
363 1845 412 1884 ὡς
427 1840 596 1893 Ξενοφῶν
617 1843 805 1893 ἱστόρηκεν
825 1843 866 1880 ἐν
886 1847 963 1885 τοῖς
979 1841 1401 1892 Ἀπομνημονεύμασιν.
1451 1841 1572 1878 Fron-

114 1909 189 1941 tem
205 1902 452 1954 perfricuisse
474 1903 667 1941 hominem
689 1903 811 1950 dicas,
829 1904 895 1954 qui
922 1903 998 1941 tale
1022 1903 1114 1954 quid
1147 1916 1169 1941 a
1190 1903 1455 1954 Xenophonte
1476 1903 1571 1940 scri-

116 1971 223 2015 ptum
244 1964 433 2003 affirmare
453 1965 610 2004 audeat.
641 1965 741 2003 Nam
764 1965 989 2016 Xenophon
1008 1964 1159 2002 inducit
1177 1965 1461 2016 Antiphontem
1481 1977 1571 2003 cum

114 2026 276 2064 Socrate
305 2027 581 2078 disputantem,
602 2040 680 2064 non
712 2033 755 2065 ut
784 2027 904 2065 virum
933 2027 1113 2077 probum,
1140 2032 1180 2064 et
1208 2027 1290 2064 veri
1315 2026 1573 2078 investigandi

117 2089 351 2140 studiosum,
371 2089 438 2127 sed
467 2095 511 2127 ut
529 2089 749 2140 improbum
777 2089 1056 2128 cavillatorem.
1112 2088 1306 2127 Veniebat
1324 2088 1362 2126 in
1386 2094 1570 2137 mentem,

116 2150 214 2188 forte
250 2150 462 2189 Plutarcho
500 2151 676 2189 succurri
714 2164 844 2202 posse,
884 2150 1184 2201 transponendis
1217 2151 1301 2200 ejus
1341 2149 1481 2196 verbis,
1508 2152 1572 2186 οὒκ

114 2213 348 2262 ἐλεγκτικῶς,
369 2214 471 2250 ἀλλὰ
491 2216 719 2264 φιλονεικῶς.
776 2212 851 2250 Sed
874 2213 972 2250 hanc
994 2211 1223 2250 medicinam
1246 2211 1462 2250 faciendam
1488 2223 1574 2248 esse

116 2280 232 2324 negat
252 2273 426 2323 ejusdem
449 2274 590 2312 erroris
611 2275 753 2320 socius,
779 2274 966 2313 Photius:
998 2273 1238 2326 διενεχθῆναι
1263 2273 1299 2312 δὲ
1319 2275 1436 2326 φασὶν
1459 2272 1573 2311 αὑτὸν

116 2337 186 2373 καὶ
203 2335 377 2387 Σωκράτη
398 2338 447 2387 τῷ
476 2338 678 2388 φιλοσόφῳ,
711 2339 753 2374 οὺ
783 2336 874 2385 πρὸς
900 2340 1143 2388 φιλονεικίαν,
1164 2338 1267 2374 ἀλλὰ
1292 2336 1385 2388 πρὸς
1410 2336 1575 2388 ἔλεγχον

117 2399 274 2446 ὁρῶντα.
331 2396 514 2435 Habeant
534 2397 653 2448 igitur
674 2411 804 2436 secum
825 2411 973 2437 errores
997 2411 1101 2445 suos,
1124 2405 1355 2449 serventque
1377 2397 1575 2449 sepulcre.

121 2460 212 2510 Ipse
242 2472 332 2497 vero
362 2458 582 2509 Xenophon
610 2460 701 2497 satis
723 2460 883 2509 indicat,
915 2461 1020 2499 illam
1045 2461 1354 2512 disputationem
1383 2473 1459 2498 non
1487 2473 1576 2498 cum

119 2521 364 2572 Antiphonte
381 2520 623 2560 Rhamnusio
638 2522 855 2561 institutam
870 2522 1004 2569 fuisse,
1023 2523 1091 2562 sed
1108 2536 1196 2561 cum
1215 2523 1457 2574 Antiphonte
1479 2521 1576 2559 Oni-

119 2583 318 2632 morinco,
336 2583 534 2633 appellans
554 2597 642 2621 eum
659 2588 851 2636 σοφιστὴν,
865 2585 933 2635 qui
948 2585 1084 2624 titulus
1099 2585 1188 2624 huic
1204 2585 1442 2637 Antiphonti
1458 2584 1577 2622 tribui

81 2669 83 2671 ·
121 2644 234 2691 solet,
255 2657 330 2682 non
354 2644 596 2684 Rhamnusia
616 2646 773 2684 oratori.
832 2647 912 2685 Sed
934 2660 1088 2687 omnem
1105 2649 1409 2686 controversiam
1430 2644 1577 2684 dirimit

120 2703 367 2755 gravissimus
395 2712 545 2754 auctor,
566 2708 810 2756 Aristoteles,
840 2709 954 2760 cujus
981 2709 1245 2749 testimonium
1265 2710 1381 2761 paulo
1409 2714 1499 2746 ante
1528 2719 1575 2744 ex

122 2766 240 2816 Diog.
275 2766 405 2805 Laert.
436 2767 690 2807 laudavimus.
747 2770 839 2814 Quo
867 2771 986 2823 magis
1011 2773 1205 2820 miramur,
1237 2773 1337 2811 inter
1361 2773 1468 2821 ipsos
1499 2769 1576 2806 Ve-

121 2833 224 2865 teres
245 2827 317 2864 hac
335 2828 384 2866 de
405 2841 445 2867 re
467 2842 542 2868 non
564 2832 657 2869 satis
673 2832 913 2871 convenisse.
970 2834 1087 2881 Nam,
1106 2841 1204 2874 teste
1225 2835 1418 2872 Athenaeo
1438 2832 1464 2870 l.
1488 2829 1576 2869 XV.

123 2902 163 2940 p.
184 2892 276 2928 673.
295 2888 337 2925 F.
367 2890 591 2930 Andrantus
608 2893 746 2931 librum
764 2896 985 2946 scripserat,
1008 2896 1259 2948 compilatum
1275 2901 1410 2945 postea
1430 2894 1480 2932 ab
1495 2893 1578 2931 He-

120 2948 348 3000 phaestione,
383 2952 666 3001 Grammatico,
688 2957 769 3005 περὶ
787 2962 851 2993 τοῦ
871 2960 973 3009 παρὰ
991 2957 1195 3009 Ξενοφῶντι
1222 2957 1262 2994 ἐν
1288 2959 1364 3000 τοῖς
1389 2957 1577 3007 Ἀπομνη-

123 3014 352 3062 μονεύμασιν
371 3013 633 3066 Ἀντιφῶντος.
666 3017 840 3056 Vidimus
861 3032 949 3069 cap.
973 3024 1007 3057 1.
1042 3020 1323 3069 Hermogenem
1347 3018 1580 3070 Antiphonti
