1818 3189
250 222 299 262 12
542 223 717 264 PETRI
750 223 874 263 VAN
907 222 1099 265 SPAAN
1132 219 1398 264 DlSSERT.

297 328 376 366 Sed
392 342 518 379 operae
539 329 704 380 pretium
722 336 781 367 est
809 329 950 377 videre,
973 330 1125 381 qualem
1147 340 1185 368 se
1206 328 1406 378 Antiphon
1424 328 1462 366 in
1491 324 1689 378 republica

241 389 544 428 administranda
564 391 739 441 gesserit.
796 391 1029 442 Eloquentia
1057 391 1128 441 ipsi
1158 388 1255 429 viain
1275 390 1323 428 ad
1356 390 1520 428 honores
1539 387 1689 440 patefa-

244 455 344 488 ctam
361 464 444 489 esse
461 452 698 489 ostendimus
715 466 724 491 z
756 453 821 491 sed
846 454 907 491 illa
936 454 1017 504 ipsa
1047 453 1292 504 Eloquentia,
1308 465 1385 502 qua
1401 450 1547 489 animos
1567 449 1690 488 homi-

243 523 333 549 num
355 512 392 549 in
424 526 676 564 quascunque
697 521 825 565 partes
846 515 1001 553 flectere
1022 520 1187 566 poterat,
1207 513 1314 551 illum
1346 513 1492 563 populo
1520 509 1692 550 reddidit

244 579 477 620 suspectum.
536 575 652 619 Quod
675 577 844 613 sentiens
880 576 1097 626 Antiphon,
1126 588 1320 625 nunquam
1349 574 1453 612 velut
1479 573 1516 611 in
1538 584 1690 610 scenam

244 633 400 682 prodiit,
431 635 497 673 sed
533 642 620 686 post
651 637 831 687 siparium
867 638 978 675 latuit
1009 637 1118 675 enixe
1149 637 1352 686 adjuvanS,
1387 636 1453 686 qui
1482 633 1690 673 consilium

243 707 353 731 suum
373 695 411 732 in
432 698 632 747 republica
651 698 901 749 gubernanda
917 699 1177 749 expetiissent.
1207 697 1459 748 Thucydides
1481 697 1570 734 loco
1582 707 1690 746 egre-

241 755 320 804 gie,
334 769 450 806 quem
465 771 569 809 saepe
591 760 852 798 laudavimus:
883 763 940 798 καὶ
960 762 997 803 ἐς
1016 760 1084 811 μὲν
1106 761 1219 811 δῆμον
1239 762 1281 797 οὒ
1301 761 1456 809 παριὼν,
1476 757 1548 795 οὐδ’
1567 758 1605 800 ἐς
1623 758 1691 794 ἄλ-

241 821 311 854 λον
336 819 468 866 ἀγῶνα
486 819 649 864 ἑκούσιος
667 820 814 868 οὐδέ-να,
830 822 916 858 ἀλλ’
936 823 1105 864 ὑπόπτως
1125 825 1172 872 τῷ
1191 823 1323 866 πλήθει
1339 820 1396 858 διὰ
1408 819 1515 866 δόξαν
1535 818 1692 864 δεινότη-

242 894 305 922 τος
325 879 563 932 διακείμενος,
583 882 667 926 τοὺς
693 887 822 933 μέντοι
843 883 1155 934 ἀγωνιζομένους,
1185 885 1244 919 καὶ
1273 883 1312 921 ἐν
1340 882 1555 933 δικαστηρίῳ
1575 882 1635 918 καὶ
1653 880 1692 917 ἐν

241 939 340 993 δήμῳ
370 945 529 981 πλεῖστα
563 942 613 987 εἷς
643 946 749 995 ἀνὴρ,
776 945 878 987 ὅστις
902 943 1219 994 ξυμβουλεύσαιτό
1238 961 1286 992 τι,
1306 944 1509 994 δυνάμενος
1530 945 1693 993 ὠφελεῖν.

246 1000 359 1039 Adde
380 1003 577 1043 Plutarch.
594 1006 707 1043 Nicia
726 1019 766 1056 p.
788 1010 879 1045 526.
897 1013 935 1043 et
955 1006 1133 1043 Philostr.
1151 1009 1302 1064 p7499.
1332 1004 1393 1042 Ad
1412 1003 1692 1053 Antiphontem

245 1063 500 1111 potissimum,
521 1071 705 1116 tanquam
727 1073 935 1113 auctorem,
968 1067 1130 1105 refertur
1161 1066 1320 1117 insignis
1353 1066 1418 1103 illa
1451 1064 1692 1116 Reipublicae

244 1123 491 1164 Atheniensis
522 1129 788 1173 commutatio,
817 1141 907 1178 qua,
930 1129 1093 1178 pristina
1113 1129 1412 1179 Magistratuum
1431 1126 1577 1165 ratione
1596 1126 1693 1164 anti-

245 1193 375 1236 quata,
395 1202 543 1227 summa
564 1191 733 1228 omnium
757 1204 882 1228 rerum
900 1197 1070 1241 potestas
1088 1191 1271 1229 translata
1284 1197 1341 1228 est
1353 1189 1402 1228 ad
1422 1188 1693 1239 Quadringen-

245 1254 306 1286 tos
329 1248 443 1287 viros.
500 1250 600 1295 Quae
637 1252 784 1302 publici
819 1258 940 1290 status
975 1252 1137 1290 mutatio
1157 1258 1198 1290 ut
1218 1251 1359 1290 rectius
1379 1250 1628 1301 intelligatur,
1647 1250 1693 1286 il-

246 1309 369 1348 lorum
390 1317 608 1362 temporum
630 1313 825 1352 historiam
847 1315 965 1365 paulo
985 1314 1096 1352 altius
1119 1321 1347 1365 repetamus.

299 1371 395 1409 Belli
414 1372 733 1424 Peloponnesiaci
752 1388 854 1412 anno
875 1375 1006 1413 XVII.
1043 1375 1201 1427 Olymp.
1224 1375 1333 1419 XCI,
1358 1379 1391 1412 l.
1422 1372 1692 1417 Athenienses,

247 1434 434 1472 suadente
466 1435 685 1480 Alcibiade,
713 1435 854 1475 frustra
886 1437 1085 1474 obnitente
1115 1436 1242 1481 Nicia,
1277 1435 1529 1487 Syracusanis
1553 1434 1695 1472 bellum

246 1495 469 1542 intulerunt,
489 1502 527 1535 et
547 1497 595 1534 ad
619 1497 656 1535 id
677 1498 886 1548 gerendum
908 1498 1046 1537 ducem
1067 1497 1310 1541 Alcibiadem
1329 1497 1568 1547 delegerunt.
1602 1496 1694 1534 *Sed

246 1563 454 1608 antequam
491 1559 625 1596 classis
663 1560 781 1597 altum
817 1566 978 1610 peteret,
1009 1560 1168 1610 accidit,
1198 1565 1241 1597 ut
1276 1571 1409 1596 omnes
1442 1559 1598 1596 Hermae
1637 1558 1697 1596 vel

249 1619 436 1657 Mercurii
457 1626 595 1657 statuae
618 1634 693 1658 una
713 1627 825 1659 nocte
848 1621 1120 1670 dejicerentur.
1176 1622 1275 1665 Quae
1294 1633 1352 1658 res
1369 1621 1475 1671 quod
1491 1633 1538 1658 ex
1558 1620 1695 1670 conju-

248 1681 394 1719 ratione
409 1680 456 1718 ad
474 1681 609 1731 populi
624 1681 842 1720 libertatem
859 1683 1154 1733 opprimendam
1169 1682 1264 1720 inita
1277 1681 1468 1720 exstitisse
1478 1680 1696 1726 videbatur,

248 1743 442 1793 ingentem
481 1742 785 1781 Atheniensibus
824 1750 1007 1782 terrorem
1045 1743 1217 1782 incussit.
1290 1743 1381 1780 Dux
1419 1742 1696 1792 conjurationis

249 1800 471 1841 Alcibiades
501 1804 775 1854 plerorumque
805 1805 928 1843 oculis
960 1805 1180 1852 notabatur,
1213 1804 1383 1855 quitum
1405 1804 1576 1854 reliquos
1595 1803 1698 1842 cives

249 1864 404 1915 opibuS,
426 1865 558 1913 gratia,
581 1865 829 1904 multitudine
848 1867 1057 1904 amicorum
1079 1873 1119 1904 et
1146 1866 1345 1904 clientium
1376 1866 1563 1904 anteibat.
1620 1867 1697 1904 Vix

250 1926 311 1964 ille
344 1926 465 1964 classe
498 1926 535 1964 in
567 1927 732 1965 Siciliam
763 1935 1004 1979 pervenerat,
1025 1942 1113 1966 cum
1143 1928 1287 1966 inimici
1318 1942 1404 1966 eum
1436 1928 1511 1966 hoc
1540 1928 1698 1967 crimine

248 1988 352 2039 apud
388 1989 576 2040 populum
608 1990 884 2040 compellantes
921 1990 1143 2041 perficiunt,
1182 1997 1223 2028 ut
1254 1991 1413 2029 domum
1454 1991 1502 2029 ad
1542 2003 1696 2030 causam

250 2050 456 2088 dicendam
477 2059 734 2089 revocaretur.
763 2052 987 2090 Alcibiades
1005 2053 1139 2103 populi
1161 2053 1342 2090 mandato
1360 2065 1512 2103 parens,
1526 2054 1698 2091 Athenas

249 2111 464 2150 contendit.
522 2112 599 2150 Sed
621 2126 709 2150 cum
729 2112 766 2151 in
786 2113 923 2152 itinere
945 2114 1168 2162 audivisset,
1197 2128 1236 2152 se
1259 2114 1405 2152 indicta
1424 2127 1541 2152 causa
1561 2114 1699 2169 capitis

250 2187 333 2211 esse
354 2174 592 2223 damnatum,
619 2174 727 2212 bonis
754 2176 976 2226 publicatis,
1010 2176 1292 2214 Lacedaemoua
1327 2176 1567 2227 demigravit.
1598 2178 1698 2215 Cum

252 2249 342 2274 vero
375 2236 755 2274 Lacedaemoniorum
789 2239 1016 2276 constantiae
1048 2251 1125 2276 nou
1154 2238 1245 2276 satis
1277 2239 1501 2276 conveniret
1521 2239 1700 2278 versatile

252 2297 468 2335 Alcibiadis
497 2297 707 2347 ingenium,
729 2299 842 2349 eique
875 2300 1034 2350 privatae
1064 2300 1279 2338 simultates
1307 2299 1592 2338 intercederent
1612 2312 1699 2338 cum

254 2357 393 2408 Agide,
415 2357 798 2397 Lacedaemoniorum
835 2362 952 2411 Rege,
987 2375 1064 2400 non
1095 2362 1187 2400 satis
1221 2367 1346 2400 tutum
1379 2361 1452 2399 hoc
1483 2360 1699 2412 perfugium

254 2425 373 2464 ratus,
391 2419 438 2456 ad
460 2420 756 2469 Tissaphernem
777 2422 1006 2472 proefectum
1028 2424 1143 2473 Regis
1163 2423 1381 2468 Persarum,
1403 2436 1443 2460 se
1463 2423 1642 2469 contulit,
1662 2430 1702 2462 et

253 2481 391 2519 callide
422 2481 456 2518 ei
492 2482 694 2530 persuasit,
724 2496 799 2520 non
832 2484 1014 2535 expedire
1052 2484 1157 2535 Regi,
1194 2483 1577 2522 Lacedaemoniorum
1608 2498 1702 2536 opes

255 2542 364 2580 nimis
386 2555 571 2588 crescere,
604 2556 652 2581 ne
687 2544 867 2583 confecto
894 2546 995 2584 bello
1017 2546 1145 2584 statim
1165 2559 1252 2584 cum
1273 2544 1485 2584 victoribus
1505 2552 1701 2584 certamen

255 2604 304 2641 sit
324 2603 621 2654 suscipiendum.

308 2665 542 2712 Alcibiades,
577 2666 648 2704 hac
683 2679 802 2717 opera
834 2667 983 2705 civibus
1014 2667 1092 2706 suis
1130 2667 1341 2713 venditata,
1376 2681 1464 2706 cum
1500 2668 1702 2715 Pisandro,

256 2726 425 2764 Praetore
454 2727 746 2766 Atheniensium
774 2729 876 2778 apud
905 2730 1072 2774 Samum,
1101 2730 1180 2779 qui,
1216 2730 1431 2780 sicutipse,
1453 2730 1702 2780 optimatibus

256 2786 422 2833 favebat,
457 2787 659 2825 consilium
691 2788 739 2826 de
776 2789 900 2826 reditu
932 2789 969 2826 in
1002 2791 1164 2839 patriam
1196 2790 1339 2840 agitare
1373 2791 1502 2840 coepit,
1537 2791 1703 2828 offerens

257 2847 467 2886 liberaliter
486 2855 568 2886 tum
591 2849 706 2900 Regis
726 2850 928 2887 Persarum
957 2851 1175 2897 amicitiam,
1205 2858 1286 2889 tum
1305 2864 1461 2901 operam
1484 2865 1606 2897 suam,
1628 2852 1701 2890 hac

256 2909 493 2957 conditione,
514 2917 555 2948 ut
575 2911 774 2961 imperium
796 2925 817 2949 a
839 2912 984 2962 populo
1000 2911 1049 2949 ad
1067 2913 1284 2962 Optimates
1301 2912 1583 2952 transferretur.
1614 2913 1702 2951 Hoc

259 2969 474 3008 Alcibiadis
506 2972 707 3010 consilium
736 2985 757 3010 a
784 2973 971 3011 Pisandro
1002 2974 1164 3023 primum
1200 2988 1286 3012 cum
1320 2975 1474 3020 Samiis,
1506 2987 1595 3012 mox
1614 2986 1700 3012 cum
