1818 3189
234 149 324 191 'xxii
596 147 948 191 RUHNKENII
981 114 1133 193 HIS'ix
1169 149 1326 192 CRIT.

233 263 312 303 Sed
346 263 631 308 Quinctilianus
660 276 748 302 eum
781 262 933 303 videtur
965 265 1218 317 antiquiorem
1255 270 1422 304 statuere
1455 279 1531 305 non
1562 267 1685 306 solum

232 326 419 372 Isocrate,
440 326 507 363 sed
537 325 651 362 etiam
679 326 808 376 Lysia,
829 325 923 366 XII.
943 332 1008 365 10.
1041 341 1079 378 p.
1101 332 1193 366 624.
1250 333 1273 349 “
1288 327 1387 372 Quis
1408 328 1482 366 erit
1500 328 1563 366 hic
1583 329 1686 367 Atti·

231 387 332 425 cus?
389 387 447 424 Sit
467 385 614 436 LysiaS,
637 386 739 425 hunc
760 388 860 425 enim
875 387 1166 438 amplectuntur
1185 395 1377 427 amatores
1393 390 1503 428 istius
1524 389 1687 428 nominis

230 448 401 486 modum.
460 447 550 484 Non
573 447 688 497 igitur
700 447 783 497 jam
805 461 929 498 usque
949 449 998 487 ad
1020 450 1193 488 Coccum
1225 457 1264 488 et
1284 450 1527 488 Andocidem
1556 449 1687 488 remit-

230 509 391 547 temur.’'
427 508 511 546 Nisi
529 508 630 547 forte
649 509 776 548 locum
791 511 1071 550 subobscurum
1086 511 1135 550 de
1154 512 1276 551 Cocci
1299 518 1337 551 et
1353 513 1569 552 Andocidis
1590 524 1686 550 con·

230 576 377 620 temptu
398 570 640 620 interpretari
658 571 778 609 malis.

133 629 209 663 145
281 631 395 669 XXI.
426 631 584 670 IsAEUS.
607 632 703 682 Ejus
719 634 835 671 vitam
850 640 1080 672 enarrarunt
1094 635 1305 686 Dionysius
1322 635 1686 682 Halicarnassensis,

226 692 636 732 Pseudo-Plutarchus
656 701 695 732 et
714 695 893 743 Photius‚
913 709 958 733 ex
975 696 1020 733 iis
1040 705 1079 734 et
1099 697 1254 735 aliunde
1274 697 1472 735 Meursius
1492 703 1531 735 et
1553 697 1684 734 Fabri-

224 754 321 800 cius,
355 754 404 792 ad
431 768 530 806 quos
557 756 647 794 lsaei
677 755 870 795 studiosos
900 757 1137 808 ablegamus.
1196 759 1396 797 Fabricius
1432 760 1469 796 in
1503 758 1685 810 Dionysii

223 815 352 854 Halic.
371 817 443 866 Ep.
464 816 513 854 ad
542 818 667 855 Amm.
690 831 727 868 p.
749 822 839 857 120.
868 818 1084 870 Ἰσοκράτην
1106 833 1299 871 reponens
1325 833 1396 870 pro
1421 821 1579 866 Ἰσαῖον,
1607 834 1682 858 non

223 876 378 915 videtur
407 879 531 927 ipsum
565 879 795 929 Dionysium
827 880 1052 930 inspexisse.
1112 882 1272 919 Rectius
1296 883 1358 920 Fr.
1389 882 1618 932 Sylburgius
1644 882 1681 920 iu

224 938 399 987 ejusdem
414 939 627 994 ‘Demosth.
652 954 689 991 p.
710 945 801 981 167.
832 945 986 992 Κριτίας
1006 943 1112 992 legit,
1132 943 1198 981 ubi
1220 943 1337 992 vulgo
1357 943 1489 981 editur
1504 944 1655 987 Ἰσαῖος.

274 1000 409 1037 XXII.
441 1002 673 1039 EUBULUS.
703 1002 798 1040 Tres
821 1003 976 1049 Eubuli,
1000 1010 1041 1041 ut
1070 1004 1273 1042 Comicum
1302 1010 1465 1050 taceam,
1492 1004 1530 1041 in
1551 1004 1684 1042 Attica

225 1061 384 1099 historia
417 1070 785 1102 commemorantur.
852 1064 1001 1103 Primus
1036 1071 1095 1103 est
1129 1065 1325 1116 Spinthari
1358 1066 1399 1103 F.
1434 1065 1683 1112 Probalisius,

221 1123 334 1172 cujus
354 1123 588 1162 mentionem
604 1124 697 1162 facit
713 1125 999 1165 Demosthenes
1020 1140 1054 1164 c.
1071 1127 1201 1165 Neaer.
1221 1131 1251 1175 ξ.
1267 1124 1322 1164 ιδ’.
1337 1133 1375 1165 et
1390 1133 1681 1165 monumentum

222 1185 390 1224 Athenis
408 1185 503 1223 vidit
523 1186 734 1224 Pausanias
753 1187 785 1225 Ι.
807 1200 843 1237 p.
865 1191 929 1228 73.
987 1188 1061 1226 Sed
1083 1189 1186 1227 hunc
1205 1194 1400 1227 oratorem
1422 1189 1556 1235 fuisse,
1573 1189 1682 1227 nullo

220 1246 456 1284 documento
483 1254 648 1287 constat.
705 1249 820 1286 Alter
847 1254 907 1286 est
934 1249 1146 1288 Mnesithei
1174 1251 1217 1288 F.
1238 1250 1424 1300 Cyprius,
1452 1249 1513 1288 vel
1534 1250 1681 1300 Cythe-

219 1308 310 1352 rius,
333 1314 374 1345 ut
394 1301 550 1346 'valesio
570 1309 617 1347 ad
642 1310 878 1360 Harpocrat.
900 1323 939 1361 p.
961 1314 1025 1349 80.
1047 1317 1086 1349 et
1106 1311 1273 1349 Corsino
1294 1312 1396 1349 Fast.
1421 1314 1500 1350 Att.
1521 1311 1567 1348 T.
1587 1311 1620 1349 l.
1640 1324 1679 1361 p.

218 1373 310 1408 236.
338 1369 506 1415 videtur,
535 1370 648 1419 cujus
678 1371 881 1409 decretum
909 1372 957 1409 de
985 1372 1121 1421 legatis
1146 1373 1193 1411 ad
1224 1373 1448 1424 Philippum
1482 1371 1680 1409 mittendis

217 1437 404 1469 memorat
425 1431 709 1470 Demosthenes
731 1432 779 1470 de
809 1433 902 1470 Cor.
922 1437 954 1480 ξ.
974 1434 1044 1482 κγ’.
1078 1435 1141 1472 ubi
1163 1436 1353 1486 Ulpianus
1369 1448 1456 1473 eum
1475 1434 1574 1473 dicit
1595 1431 1679 1472 Ma-

216 1491 430 1530 cedonibus
463 1492 669 1531 studuisse.
725 1492 881 1531 Tertius
902 1500 962 1531 est
989 1495 1290 1546 Anaphlystius,
1311 1497 1488 1534 maximae
1508 1496 1677 1534 auctori-

214 1553 303 1591 tatis
324 1559 453 1591 orator
480 1559 520 1591 et
550 1553 802 1604 demagogus,
834 1567 966 1604 quem,
994 1555 1219 1606 ubicunque
1245 1558 1422 1595 Eubulus
1453 1557 1678 1607 simpliciter

213 1620 551 1659 commemoretur,
572 1614 866 1665 intelligendum
892 1621 1002 1666 pute.
1061 1616 1099 1654 Is
1121 1617 1388 1657 Aristarchum
1420 1618 1539 1657 caedis
1558 1630 1676 1656 aecu-

212 1677 322 1724 savit,
343 1689 468 1728 eoque
493 1676 654 1714 crimine
677 1676 869 1727 implicuit
890 1677 1211 1718 Demosthenem.
1269 1680 1424 1730 Ulpian.
1446 1679 1485 1717 in
1506 1679 1674 1718 Midian.

213 1738 326 1784 §.125ss
347 1751 432 1788 sqq.
464 1738 523 1776 Ex
543 1751 621 1789 quo
642 1744 819 1788 tempore
836 1739 1095 1778 Demostheni
1117 1746 1318 1792 perpetuae
1338 1755 1427 1780 cum
1454 1741 1523 1780 illo
1543 1742 1674 1782 simul-

212 1804 311 1836 tates
338 1799 653 1838 intercesserunt.
708 1800 871 1851 Ulpian.
902 1800 941 1838 in
974 1800 1181 1840 Demosth.
1209 1802 1257 1841 de
1282 1803 1366 1841 fals.
1386 1802 1462 1853 leg.
1482 1803 1566 1841 init.
1593 1804 1672 1843 Mi-

212 1859 312 1897 diam
334 1861 520 1899 adversus
551 1862 853 1900 Demosthenem
874 1861 1062 1909 defendit,
1085 1868 1126 1900 ut
1145 1863 1268 1914 liquet
1287 1878 1335 1902 ex
1353 1863 1533 1902 Midiana
1553 1868 1585 1913 §-
1606 1866 1674 1910 νζ’.

211 1922 399 1970 AEschini,
420 1923 509 1961 olim
532 1923 670 1961 scribae
703 1937 787 1971 suo,
812 1929 1002 1975 patronus
1025 1922 1136 1961 affuit
1163 1924 1201 1961 in
1226 1925 1382 1975 judicio
1409 1925 1459 1963 de
1487 1926 1674 1964 ementita

210 1984 414 2033 legatione.
472 1985 643 2023 AEschin.
673 1985 724 2023 de
744 1985 829 2024 fals.
850 1986 967 2036 legat.
989 1984 1055 2023 fin.
1077 1985 1333 2024 Demosthen.
1353 1987 1392 2024 in
1420 1999 1476 2025 or.
1496 1986 1672 2036 ejusdem

210 2046 426 2096 argumenti
452 2051 482 2094 ξ.
504 2047 580 2084 πεί.
602 2053 641 2085 et
660 2048 819 2097 Ulpian.
850 2047 889 2084 in
917 2048 995 2085 loc.
1024 2045 1234 2098 effecitque
1263 2048 1496 2087 auctoritate
1523 2061 1606 2094 sua,
1629 2054 1673 2086 ut

211 2107 346 2156 populi
373 2108 564 2158 suffragiis
596 2109 781 2147 liberatus
813 2108 1047 2149 discederet.
1102 2110 1264 2148 Photius
1287 2109 1388 2148 Cod.
1416 2110 1526 2148 LXI.
1546 2123 1585 2161 p.
1605 2114 1672 2150 62.

211 2173 249 2204 et
263 2168 418 2218 Taylor.
439 2170 488 2207 ad
504 2170 708 2209 Demosth.
725 2172 795 2209 Or.
809 2171 913 2209 laud.
928 2171 1011 2211 init.
1069 2173 1211 2211 Errant
1230 2173 1343 2219 enim,
1359 2185 1443 2210 mea
1465 2173 1670 2220 sententia,

210 2227 624 2269 Pseudo-Plutarchus
654 2233 678 2270 l.
699 2246 734 2270 c.
753 2245 793 2282 p.
820 2236 912 2271 840.
933 2233 980 2271 C.
1007 2238 1049 2272 et
1075 2234 1236 2272 Photius
1265 2233 1365 2272 Cod.
1387 2233 1606 2272 CCLXIV.
1628 2247 1670 2285 p.

116 2291 193 2328 146
212 2293 331 2327 1466.
360 2291 580 2329 AEschinem
604 2292 653 2330 ab
683 2293 837 2331 Eubulo
864 2293 1081 2333 Probalisio
1108 2301 1190 2333 tum
1216 2301 1406 2333 servatum
1436 2294 1669 2349 scribentes,

211 2350 433 2400 nollemque
460 2352 573 2398 adeo,
596 2366 673 2404 quo
706 2355 744 2392 in
780 2367 908 2393 errore
943 2355 1016 2406 ipsi
1041 2362 1144 2403 suut,
1166 2356 1204 2394 in
1237 2357 1401 2395 eundem
1428 2356 1671 2396 induxissent

210 2411 407 2450 Valesium
428 2413 476 2450 ad
499 2414 734 2464 Harpocrat.
752 2429 793 2467 p.
807 2420 871 2455 80.
889 2423 928 2455 et
946 2417 1156 2469 Taylorum
1172 2418 1221 2456 ad
1243 2419 1417 2457 AEschin.
1430 2431 1467 2457 e.
1489 2418 1670 2470 ctesiph.

210 2476 241 2519 ξ.
263 2474 323 2511 ια’.
380 2475 656 2524 Anaphlystius
680 2478 873 2525 Eubulus,
897 2478 1040 2517 nullam
1063 2493 1084 2518 e
1106 2480 1212 2518 bello
1227 2480 1380 2518 laudem
1406 2485 1670 2528 consectatus,

210 2547 338 2572 curam
362 2535 539 2584 pecuniae
567 2537 737 2586 publicae
767 2540 953 2590 suscepit,
974 2540 1123 2579 reditus
1150 2541 1271 2587 auxit,
1305 2541 1448 2579 classes
1474 2541 1668 2587 instruxit,

212 2595 344 2632 urbem
361 2598 617 2635 monumentis
634 2600 845 2637 exornavit.
901 2601 1101 2640 AEschines
1115 2615 1151 2641 c.
1167 2602 1346 2653 ctesiph.
1358 2605 1388 2650 ξ.
1406 2602 1467 2640 ια’.
1482 2601 1668 2641 Dinarch.

211 2668 245 2693 c.
276 2656 483 2695 Demosth.
510 2661 542 2705 ξ.
564 2659 624 2703 ιζ’.
652 2666 690 2697 et
711 2660 909 2699 Plutarch.
942 2663 1058 2702 Polit.
1084 2676 1203 2714 praec.
1237 2677 1276 2714 p.
1304 2668 1396 2702 812.
1418 2664 1465 2701 E.
1523 2663 1602 2701 Sed
1629 2663 1669 2702 in

213 2717 284 2754 hac
301 2719 479 2767 pecuniae
495 2731 587 2757 eura
608 2722 868 2770 perniciosam
884 2724 1030 2762 civitati
1044 2725 1168 2776 legem
1182 2726 1288 2771 tulit,
1309 2731 1366 2772 ut,
1382 2725 1450 2776 qui
1463 2725 1668 2776 pecuniam

213 2777 439 2817 theatralem
462 2780 499 2818 in
527 2781 730 2820 militarem
757 2785 1026 2831 convertisset,
1051 2788 1180 2836 capite
1203 2787 1451 2838 plecteretur.
1508 2786 1667 2837 Ulpian.

212 2838 250 2875 iu
273 2838 475 2879 Demosth.
492 2841 656 2893 Olynth.
675 2843 706 2882 1.
721 2848 751 2891 ξ.
768 2845 810 2891 η’.
869 2846 994 2888 Quam
1011 2848 1150 2898 legem,
1169 2847 1324 2886 Philino
1345 2848 1459 2887 etiam
1480 2860 1668 2886 memora-

214 2904 288 2937 tam
310 2901 409 2950 apud
439 2903 676 2954 Ilurpocrat.
706 2919 742 2943 v.
765 2910 943 2956 Θεωρικά,
973 2908 1220 2948 vehementer
1247 2909 1496 2960 reprehendit
1521 2909 1666 2948 Demo-
