1816 3272
379 551 429 619 Ι.
491 549 697 619 ΟΤΤ.
770 536 1206 615 SLUITERI

638 706 960 751 PRAEFATIO

150 845 274 899 AD
318 839 877 898 ORATIONEM
921 832 1449 891 ANDOCIDIS

452 993 699 1035 CONTRA
735 988 1144 1033 ALCIBIADEM.

732 1128 860 1136 -.-———

68 1234 138 1272 DE
158 1238 319 1271 auctore
350 1230 481 1281 huju-s,
509 1232 558 1270 ad
593 1244 708 1282 quam
739 1230 982 1275 accedimus,
1011 1226 1227 1272 Orationis,
1259 1223 1454 1276 elegantia
1491 1230 1531 1263 et

66 1295 245 1333 ubertate
265 1293 451 1331 sermonis
468 1293 817 1343 praestantissimae,
847 1297 939 1343 post
958 1288 1330 1329 Valckenaerianam
1353 1287 1529 1338 disputa-

63 1358 223 1403 tionem,
243 1356 374 1393 Primo
403 1355 538 1393 harum
569 1355 799 1395 Lectionum
829 1354 960 1404 Capiti
989 1351 1188 1402 adjectam
1207 1352 1265 1402 [p.
1288 1353 1379 1395 188,
1405 1348 1530 1399 sqq.],

65 1417 281 1469 quidquam
297 1417 454 1463 addere,
472 1430 599 1467 neque
620 1430 784 1455 necesse
804 1422 876 1463 est,
893 1429 1021 1466 neque
1039 1428 1101 1453 me
1122 1413 1249 1451 decet.
1309 1411 1439 1450 Unum
1455 1415 1529 1455 est,

64 1480 169 1528 quod
185 1479 223 1517 in
245 1479 327 1529 ipsa
340 1479 414 1516 hac
430 1477 696 1528 disputatione
720 1478 1028 1516 animadversum
1043 1487 1236 1520 moneam,
1252 1487 1299 1511 ne
1313 1472 1414 1523 quis,
1431 1472 1529 1510 tanti

61 1540 133 1578 viri
161 1540 394 1578 auctoritate
428 1538 633 1589 deceptus,
666 1539 704 1576 in
741 1538 908 1588 aliquem
945 1551 984 1575 se
1013 1549 1180 1575 errorem
1212 1534 1310 1572 trahi
1340 1534 1524 1585 patiatur.

63 1608 90 1626 “
100 1603 246 1641 Mirum
261 1607 321 1640 est
333 1602 414 1652 (Vt0
426 1601 515 1640 loco
529 1601 625 1639 dicit
636 1600 969 1649 Valckenaerius),
981 1600 1010 1638 si
1027 1599 1126 1637 hanc
1143 1605 1185 1636 ut
1197 1597 1374 1635 P11aeacis
1385 1596 1525 1648 legerit

61 1665 289 1703 Orationem
300 1664 548 1709 Plutarchus,
564 1662 777 1709 nihilinde,
794 1663 900 1714 quod
917 1662 965 1701 ad
984 1660 1228 1700 Alcibiadem
1249 1665 1415 1711 spectet,
1433 1672 1519 1696 eum

62 1726 323 1777 excerpsisse,
353 1731 497 1775 praeter
526 1725 620 1763 illud
641 1725 895 1777 perpusillum
923 1737 1027 1765 sane.
1086 1723 1215 1761 Multa
1243 1721 1297 1760 ibi
1326 1721 1520 1759 habentur

60 1788 261 1827 Historica
289 1788 378 1825 vitae
410 1787 643 1834 Alcibiadis,
676 1801 764 1838 quae
798 1787 1028 1825 Plutarchus
1056 1784 1261 1835 attigisset,
1299 1784 1330 1821 si
1363 1783 1520 1834 cognita

60 1849 305 1888 habuisset.’'
360 1849 459 1888 Haec
482 1849 639 1900 quidem
660 1849 858 1899 aliquanto
889 1847 1210 1887 inconsideratius
1230 1860 1252 1885 a
1274 1845 1357 1884 viro
1370 1858 1521 1884 summo

59 1912 144 1960 (sed
164 1911 239 1950 sibi
259 1911 346 1960 soli)
364 1912 508 1963 scripta
521 1911 613 1949 mihi
631 1911 826 1950 videntur.
885 1912 1000 1963 Saepe
1021 1911 1121 1950 enim
1143 1909 1235 1949 mihi
1250 1922 1296 1948 ac
1315 1908 1522 1960 diligenter

59 1973 191 2012 Vitam
212 1973 430 2012 Alcibiadis
450 1973 723 2013 Plutarcheam
742 1974 929 2025 relegenti
944 1974 1138 2025 apparuit,
1170 1972 1371 2023 complura
1394 1970 1522 2022 ipsum

61 2048 109 2073 ex
142 2035 350 2083 Andocide
376 2035 563 2082 hausisse,
598 2048 643 2074 ea
675 2035 809 2082 etiam,
839 2049 926 2087 quae
953 2036 1057 2074 haud
1089 2035 1170 2074 scio
1199 2047 1248 2073 an
1277 2047 1299 2071 a
1317 2033 1428 2071 nullo
1446 2032 1523 2070 alio

61 2097 264 2148 scriptore,
311 2098 378 2148 qui
425 2098 581 2145 quidem
629 2097 826 2149 hodieque
866 2099 1050 2147 supersit,
1082 2097 1238 2145 prodita
1268 2094 1522 2133 inveniamus.

62 2159 181 2204 Quod
202 2171 250 2196 ne
271 2158 360 2209 quis
379 2163 526 2196 temere
554 2172 577 2195 a
607 2171 666 2195 me
696 2159 844 2196 dictum
875 2156 1084 2201 existimet,
1114 2156 1298 2206 exemplis
1328 2156 1524 2194 nonnullis

63 2219 294 2259 confirmare
314 2233 390 2258 non
401 2216 568 2258 alienum
590 2218 704 2258 duco.

117 2284 219 2327 Quae
234 2288 363 2321 narrat
372 2282 605 2321 Plutarchus
619 2295 659 2333 p.
675 2286 767 2321 195.
782 2293 822 2321 Β.
842 2293 882 2319 c.
899 2281 948 2319 de
965 2293 1084 2320 uxore
1099 2279 1317 2319 Alcibiadis
1330 2278 1527 2331 Hippareo

64 2350 103 2382 ta
123 2343 316 2393 hujusque
336 2349 447 2395 patre
465 2344 692 2395 Hipponieo
711 2350 751 2382 et
771 2343 888 2383 fratre
909 2342 1035 2382 Callia
1054 2342 1104 2381 ab
1118 2342 1324 2381 Alcibiade
1344 2342 1445 2380 male
1464 2342 1528 2379 ha-

65 2404 175 2451 bitis,
189 2418 408 2456 quanquam
424 2407 465 2443 in
484 2406 679 2444 nonnullis
699 2406 749 2443 ab
770 2405 828 2452 iis,
851 2419 940 2456 quae
961 2404 1080 2444 refert
1101 2404 1328 2444 Andocides
1343 2417 1382 2456 p.
1404 2409 1469 2443 30.
1489 2408 1529 2441 et

66 2480 150 2518 seq.
163 2467 227 2506 ed.
247 2467 401 2518 Steph.,
416 2467 690 2518 discrepantia,
711 2467 762 2505 ita
775 2474 904 2505 tamen
925 2467 1006 2505 aliis
1019 2466 1196 2518 partibus
1212 2474 1251 2505 et
1263 2466 1379 2505 rebus
1393 2471 1433 2504 et
1445 2477 1530 2502 ver·-

67 2530 128 2567 bis
143 2529 237 2580 ipsis
252 2542 342 2568 cum
358 2528 599 2567 Andocideis
615 2537 850 2580 congruunt,
870 2535 912 2567 ut
932 2529 993 2567 vix
1011 2542 1152 2580 negare
1165 2528 1307 2580 possis,
1322 2528 1428 2566 hunc
1443 2538 1530 2564 eum

68 2591 122 2629 ob
141 2592 275 2630 oculos
304 2591 509 2637 habuisse;
542 2591 665 2642 quod,
695 2591 931 2642 quicumque
962 2591 1066 2630 hunc
1095 2605 1185 2631 cum
1213 2592 1279 2630 illo
1308 2588 1530 2640 contulerit,

67 2652 183 2691 facile
203 2652 361 2692 viderit.
419 2653 572 2692 Deinde
593 2654 658 2692 illa
670 2653 802 2700 etiam,
823 2667 911 2702 quae
932 2653 1087 2692 brevius
1104 2667 1145 2705 p.
1166 2658 1260 2693 199.
1279 2664 1319 2690 Β.
1335 2665 1358 2690 a
1375 2651 1529 2689 Plutar-

69 2714 146 2752 cho
165 2714 285 2752 relata
303 2714 528 2765 reperimus,
541 2715 590 2754 de
603 2715 757 2754 Pictore
777 2716 1040 2766 Agatharcho,
1063 2729 1177 2767 quem
1198 2713 1423 2753 Alcibiades
1442 2725 1533 2750 coe-

72 2775 128 2826 git
146 2775 303 2814 domum
324 2788 431 2814 suam
459 2776 612 2826 pictura
632 2790 784 2823 ornare,
806 2777 855 2815 de
873 2778 1023 2816 Taurea
1043 2777 1097 2815 illi
1118 2779 1453 2828 α’ντιχωρηγοῦντι,
1486 2773 1535 2810 de

74 2850 184 2875 serva
196 2836 316 2875 Melia
336 2838 386 2875 ab
402 2838 608 2877 Alcibiade
623 2851 857 2889 compressa,
875 2852 994 2888 quum
1014 2839 1129 2877 latius
1149 2842 1187 2875 et
1200 2838 1413 2875 Oratorum
1431 2847 1536 2872 more

76 2899 196 2950 magis
226 2905 456 2949 exaggerata
484 2901 533 2938 ab
563 2901 769 2940 Andocide
798 2901 953 2952 prodita
973 2900 1229 2949 inveniamus,
1259 2912 1299 2949 p.
1330 2903 1394 2936 31.
1417 2912 1453 2935 v.
1470 2902 1536 2936 14.

78 2973 192 3011 seqq.
214 2966 252 2998 et
272 2974 314 3011 p.
333 2964 398 2998 32.
413 2974 453 3008 dv.
470 2965 507 2999 5.
529 2975 640 3014 seqq.
657 2962 717 3001 ed.
741 2963 877 3013 Steph.
891 2976 937 3000 ex
958 2962 1032 2999 hoc
1048 2966 1230 3010 excerpta
1243 2973 1319 2998 non
1339 2959 1538 2998 dicamus?

77 3021 196 3072 Rigas
219 3021 400 3061 Diomedi
424 3023 601 3072 abstulit,
622 3025 761 3075 quibus
785 3024 815 3062 is
845 3024 894 3063 ad
913 3024 1163 3074 Olympicum
1181 3029 1376 3062 certamen
1399 3022 1451 3060 uti
1471 3035 1539 3060 vo-
