1818 3189
251 175 414 217 xxxviii
608 169 960 213 RUHNKENII
1004 168 1154 210 HIST.
1187 165 1343 209 CRIT.

251 294 316 333 τῆς
340 291 484 337 πρώτης
512 284 646 332 τάξεως
675 285 856 325 fuerunt:
894 282 1100 328 Philiscus,
1128 282 1368 332 corcyraeus‚
1389 279 1488 328 scum
1515 291 1581 318 sex
1607 278 1703 325 aliis,

250 361 348 398 quos
376 353 553 385 recenset
574 346 777 390 Sclioliast.
800 345 1073 395 Hephaestion.
1100 357 1141 393 p.
1163 346 1228 382 32.
1254 347 1320 381 93.
1339 341 1613 392 ’τῆςῖδευτὲρας
1638 342 1705 380 τά·

249 415 349 457 ξεως.
406 409 498 447 vid.
519 408 629 447 Suid.
658 422 695 446 v.
722 408 898 450 Φιλίσκος
928 408 1048 458 Κερκ.
1100 407 1216 444 Hunc
1245 405 1467 443 criticorum
1501 417 1706 448 canonem,

249 477 394 520 praeter
412 469 592 508 Proclum
616 468 906 507 Chrestomath.
929 482 969 518 p.
990 472 1082 507 340.
1107 479 1196 517 sqq.
1217 471 1255 504 et
1276 465 1582 503 Grammatieum
1604 465 1704 505 Bibl.

251 531 368 569 Coisl.
398 543 436 580 p.
464 535 559 571 597.
580 537 737 568 secutus
767 536 826 567 est
847 529 1135 574 Quinctilianus
1164 527 1262 565 libro
1290 527 1457 573 decimo,
1478 526 1544 563 ubi
1572 526 1706 564 classi-

250 604 397 635 corum,
421 604 520 641 quos
540 591 721 638 dicimus,
744 591 980 640 scriptorum
1000 602 1159 627 censum
1183 588 1274 638 agit.
1334 588 1505 625 Primum
1527 600 1617 624 vero
1638 587 1706 625 de-

248 652 392 689 lectum
408 652 459 688 ab
476 652 700 689 Aristarcho
716 659 755 689 et
770 651 1032 701 Aristophane
1045 649 1264 688 institutum
1280 661 1376 694 esse,
1392 647 1568 696 ejusdem
1583 648 1706 691 Quin-

250 712 395 750 ctiliani
415 713 636 750 testimonio
658 711 925 757 confirmatur,
944 712 997 749 X.
1018 717 1055 749 1.
1077 724 1115 761 p.
1132 715 1225 750 496.
1255 714 1279 731 “
1295 709 1527 759 Apollonius
1544 709 1581 746 in
1602 709 1707 746 ordi-

250 786 336 810 nem
357 786 378 810 a
400 773 677 812 Grammaticis
698 775 831 811 datum
855 786 933 810 non
959 773 1078 818 venit,
1099 773 1190 821 quia
1210 770 1460 808 Aristarchus
1482 776 1600 819 atque
1623 770 1707 807 Ari-

251 834 474 884 stophanes,
504 841 704 884 poetarum
726 833 896 883 judices,
932 833 1123 871 neminem
1153 832 1211 869 sui
1233 831 1416 881 temporis
1444 832 1482 868 in
1507 844 1708 868 numerum

250 896 521 946 redegerunt.’'
548 898 638 940 Quo
655 897 742 934 loco
762 896 884 946 quaeri
905 902 1049 945 potest,
1071 894 1270 944 quomodo
1291 894 1566 938 Callimachus,
1588 894 1709 944 Apol-

248 956 343 994 lonii
365 957 539 1006 aequalis,
556 957 593 993 in
616 957 882 1006 Elegiacorum
900 956 1076 993 ordinem
1096 955 1270 992 venerit?
1314 954 1392 991 Sed
1413 954 1522 991 illum
1544 954 1707 992 fortasse

249 1017 483 1067 posteriores
514 1018 650 1055 critici
679 1017 716 1054 in
745 1030 947 1055 numerum
976 1016 1219 1066 redegerunt,
1247 1014 1347 1053 sicut
1374 1015 1538 1052 Tzetzes
1567 1015 1605 1053 in
1628 1016 1704 1052 vita

153 1087 231 1124 170
251 1078 498 1128 Lycophron.
531 1078 782 1127 Apollonium
812 1079 850 1115 in
870 1078 1064 1124 Pleiadem
1088 1077 1297 1114 Poetarum
1316 1076 1409 1112 varii
1431 1075 1582 1125 generis
1608 1076 1706 1114 rela-

250 1144 329 1176 tum
350 1138 480 1183 tradit,
497 1151 584 1176 mox
600 1152 641 1188 p.
660 1142 752 1178 497.
772 1143 799 1164 ⁵‘
820 1152 867 1175 ex
888 1138 1011 1175 tribus
1032 1138 1200 1188 receptis
1216 1137 1432 1174 Aristarchi
1449 1137 1602 1185 judicio
1617 1137 1710 1176 scri-

249 1200 427 1250 ptoribus
448 1199 662 1236 iamborum
689 1199 738 1236 ad
764 1198 837 1244 ἔξιν
865 1199 1026 1236 maxime
1052 1198 1261 1248 pertinebit
1290 1211 1387 1235 unus
1408 1198 1709 1236 Archilochus.'’

250 1261 486 1311 ScriptoreS‚
513 1273 610 1309 quos
635 1259 771 1297 Critici
798 1263 836 1296 in
865 1259 981 1297 talem
1002 1272 1188 1297 canonem
1211 1258 1444 1305 retulissent,
1465 1259 1622 1309 proprie
1648 1259 1708 1297 di-

249 1322 440 1359 cebantur
460 1321 502 1357 in
519 1320 692 1358 ordinem
708 1321 849 1366 venire,
867 1322 909 1357 in
928 1321 1101 1358 ordinem
1121 1319 1266 1369 redigi,
1283 1321 1324 1356 in
1345 1333 1544 1358 numerum
1559 1319 1709 1371 redigi,

249 1384 398 1432 recipi:
428 1387 561 1420 contra
579 1395 678 1432 quos
694 1381 977 1431 repudiassent,
993 1393 1150 1418 numero
1168 1382 1296 1419 eximi.
1352 1381 1605 1425 Quinctilian.
1624 1383 1654 1421 l.
1667 1386 1707 1419 4.

249 1449 367 1495 p.18.
383 1448 405 1465 “
419 1457 496 1494 quo
515 1443 674 1493 quidem
690 1443 847 1492 judicio
864 1443 916 1480 ita
933 1455 1063 1480 severe
1085 1443 1143 1479 usi
1165 1448 1255 1479 sunt
1270 1448 1419 1480 veteres
1435 1443 1706 1488 Grammatici,

250 1512 292 1543 ut
309 1529 363 1534 —-
382 1512 561 1543 auctores
583 1505 678 1542 alios
697 1505 733 1541 in
755 1504 928 1542 ordinem
949 1503 1184 1554 redegerint,
1202 1503 1299 1541 alios
1319 1503 1477 1541 omnino
1497 1504 1710 1542 exemerint

249 1566 448 1605 numer0.''
504 1567 630 1610 Quem
653 1567 782 1606 locum
800 1565 1011 1602 Wowerius
1034 1564 1253 1615 Polymath.
1271 1578 1307 1602 c.
1327 1564 1437 1601 XVI.
1457 1571 1496 1602 et
1510 1565 1590 1611 alii,
1608 1578 1710 1615 quos

249 1630 447 1667 nominare
462 1641 538 1666 non
555 1634 611 1665 est
629 1640 802 1673 neeesse,
819 1627 875 1664 sic
892 1632 1146 1677 acceperunt,
1159 1625 1271 1675 quasi
1287 1625 1328 1662 in
1346 1625 1518 1664 ordinem
1534 1627 1711 1677 redigere

250 1697 352 1729 esset
377 1691 476 1727 inter
497 1689 589 1726 viles
618 1689 805 1737 abjicere,
832 1700 990 1725 numero
1009 1688 1182 1734 eximere,
1203 1700 1250 1724 ex
1275 1686 1456 1724 inferiore
1477 1687 1564 1725 loco
1589 1689 1626 1725 in
1647 1701 1712 1726 su-

253 1753 444 1802 periorem
481 1750 696 1788 restituere.
760 1749 852 1792 Quo
884 1748 977 1799 quid
1016 1754 1148 1798 potest
1182 1747 1259 1785 dici
1293 1747 1535 1797 perversius?
1592 1749 1712 1798 Apud

253 1815 417 1851 Graecos
439 1812 629 1862 signatum
651 1810 722 1848 hac
742 1810 780 1847 in
801 1823 839 1848 re
859 1811 1022 1848 verbum
1042 1815 1100 1847 est
1119 1807 1372 1859 ἐγκρίνεσθαι.
1405 1808 1548 1846 Suidas
1571 1823 1601 1847 v.
1627 1810 1712 1849 Δεί-

254 1891 409 1926 ναρχος.
426 1876 542 1926 ῥήτωρ
563 1881 636 1911 τῶν
656 1875 748 1924 μετὰ
768 1873 1028 1923 Δημοσθένους
1048 1871 1294 1921 ἐγκριθέντων
1315 1869 1383 1914 εἷς.
1421 1871 1582 1909 Pllotius
1610 1873 1712 1910 Cod.

257 1937 364 1974 LXI.
393 1950 432 1986 p.
462 1939 528 1974 64.
574 1938 763 1986 Αἰσχίνην
783 1934 970 1985 Φρύνιχος
1001 1935 1053 1976 εἷς
1082 1933 1165 1975 τοὺς
1191 1934 1366 1982 ἀρίστους
1394 1932 1566 1983 ἐγκρίνει.
1609 1933 1712 1972 Cod.

258 1999 457 2038 CCLXII.
474 2012 512 2048 p.
530 2002 649 2036 1460.
670 1995 721 2036 ὧν
740 1999 867 2046 λόγων
887 2002 965 2039 τοῖς
986 1999 1159 2045 γνησίοις
1179 2000 1276 2046 τρεῖς
1292 1997 1350 2032 καὶ
1370 1995 1567 2046 τριάκοντα
1587 1996 1714 2047 ἐγκρί-

260 2076 400 2099 νουσιν.
457 2060 536 2097 Lex
564 2060 811 2109 Sangerman.
836 2058 922 2096 MS.
952 2071 986 2094 v.
1016 2058 1271 2108 Αἱμορυγχία.
1297 2057 1480 2108 Φρύνιχος
1508 2059 1633 2108 μέντοι
1653 2061 1716 2096 οὐκ

258 2122 416 2172 ἐγκρίνει
445 2124 512 2166 τὴν
539 2125 678 2172 φωνήν.
715 2120 777 2157 Sic
807 2120 868 2157 Cl.
895 2119 1074 2169 Toupius
1103 2118 1305 2156 Emendat.
1332 2119 1382 2155 T.
1411 2119 1486 2155 111.
1515 2132 1554 2169 p.
1580 2124 1645 2158 98.
1674 2120 1713 2158 in

258 2184 376 2221 Suida
396 2197 430 2220 v.
451 2180 610 2224 Πυθέας
630 2181 870 2230 corrigebat:
902 2183 967 2218 οὒκ
986 2179 1153 2230 ε’νεκρίὲη
1173 2182 1265 2230 μετὰ
1282 2186 1354 2217 τῶν
1374 2182 1518 2218 λοιπῶν
1536 2182 1714 2232 ῥητόρων.

259 2243 333 2281 Sed
355 2244 449 2280 nihil
471 2242 712 2279 mutandum.
744 2241 843 2278 Nam
862 2241 1024 2291 simplex
1043 2239 1166 2289 ἐκρίθη
1186 2240 1348 2278 eandem
1370 2241 1442 2278 vim
1463 2242 1593 2280 habet.
1625 2243 1716 2293 lpse

260 2304 401 2342 Suidas
421 2317 454 2341 V.
475 2304 705 2351 Λυκοῦργος.
726 2309 798 2339 τῶν
817 2305 907 2352 μετὰ
925 2301 1191 2351 Δημοσθένους
1211 2301 1412 2353 κριθέντων
1429 2303 1605 2353 ῥητόρων.
1621 2310 1659 2341 et
1678 2317 1715 2342 v.

259 2365 530 2415 Νικόστρατος.
546 2364 683 2414 ἐτάχθη
705 2363 744 2400 δὲ
765 2363 805 2400 ἐν
824 2368 901 2405 τοῖς
922 2362 1100 2413 κριθεῖσιν
1119 2363 1177 2399 ἐπὶ
1197 2363 1374 2411 δευτέροις
1393 2362 1476 2400 δέκα
1495 2364 1662 2414 ῥήτορσι.
1677 2370 1717 2403 et

259 2441 296 2465 v.
311 2426 521 2477 ’Υπερίὸης.
539 2428 670 2477 ῥήτωρ,
688 2432 758 2463 τῶν
778 2427 930 2475 πρώτων
948 2427 1160 2476 κεκριμένων
1177 2424 1263 2462 δέκα
1283 2423 1349 2466 εἷς.
1369 2431 1408 2462 et
1423 2438 1457 2462 v.
1472 2424 1716 2478 Ἀλέξανδρος

261 2490 349 2526 Αἶτ.
370 2491 418 2530 ὡς
439 2490 498 2525 καὶ
512 2494 584 2525 τῶν
604 2487 696 2525 ἑπτὰ
713 2487 916 2537 Τραγικῶν
936 2488 1004 2524 ἕνα
1021 2486 1204 2537 κριθῆναι.
1263 2486 1510 2523 Contrarium
1527 2493 1585 2524 est
1602 2487 1718 2539 ἐκκρί-

262 2549 409 2589 νεσθαι.
446 2549 611 2587 Diodor.
640 2549 760 2586 Sicul.
787 2549 833 2585 T.
865 2549 918 2586 II.
949 2562 987 2598 p,
1011 2552 1102 2588 552.
1130 2549 1176 2586 ὃν
1195 2549 1401 2596 (Μύσωνα)
1420 2550 1639 2596 ἀντεισῆξαν
1665 2554 1719 2594 εἷς

263 2613 348 2654 τοὺς
369 2613 461 2649 ἑπτὰ
482 2610 630 2661 σοφοὺς,
650 2611 882 2661 ἑκκρίναντες
902 2610 964 2648 τὸν
984 2610 1232 2661 Περίανδρον,
1288 2610 1388 2648 Vide
1410 2611 1648 2662 scaligerum
1670 2613 1718 2651 ad

266 2672 408 2710 Euseb.
429 2672 563 2711 Graec.
582 2685 621 2722 p.
640 2676 731 2709 419.
753 2678 791 2709 et
810 2672 1006 2709 Kuhniuni
1025 2672 1073 2709 ad
1093 2672 1208 2721 Diog.
1228 2672 1355 2709 Laert.
1379 2672 1491 2710 VIII.
1511 2678 1577 2714 47.
1623 2674 1720 2713 Haec

267 2742 396 2772 autem
421 2735 654 2773 Criticoruni
677 2747 838 2772 censura
862 2735 1134 2784 scriptoribus,
1154 2747 1251 2784 quos
1279 2733 1459 2780 diximus,
1481 2741 1632 2774 tantum
1651 2750 1719 2775 au-

269 2795 460 2833 ctoritatis
487 2794 721 2839 conciliavit,
750 2808 875 2845 prope
907 2802 949 2832 ut
978 2795 1049 2832 soli
1083 2795 1269 2844 vigerent,
1296 2801 1336 2832 et
1369 2795 1563 2833 hominum
1594 2797 1723 2837 studia

178 2859 251 2897 171
271 2862 457 2893 tenerent.
523 2856 637 2893 Certe
659 2856 928 2900 Grammatici,
952 2857 1016 2905 qui
1045 2856 1115 2893 sibi
1143 2855 1317 2906 religioni
1345 2856 1549 2907 ducerent,
1570 2858 1618 2896 de
1639 2860 1722 2898 Ari-

273 2915 415 2953 starchi
437 2916 587 2966 judicio
609 2916 803 2961 dubitare,
832 2930 907 2954 non
938 2917 1008 2954 nisi
1030 2916 1078 2954 ab
1108 2931 1154 2954 co
1181 2917 1384 2967 probatos,
1412 2917 1721 2968 interpretandos
