<?xml version="1.0" encoding="UTF-8"?>
<!DOCTYPE html PUBLIC "-//W3C//DTD XHTML 1.0 Transitional//EN"
    "http://www.w3.org/TR/xhtml1/DTD/xhtml1-transitional.dtd">
<html xmlns="http://www.w3.org/1999/xhtml" xml:lang="en" lang="en">
 <head>
  <title>
</title>
<meta http-equiv="Content-Type" content="text/html;charset=utf-8" />
  <meta name='ocr-system' content='tesseract 3.04.00' />
  <meta name='ocr-capabilities' content='ocr_page ocr_carea ocr_par ocr_line ocrx_word'/>
</head>
<body>
  <div class='ocr_page' id='page_1' title='image "./oratoresatticie01dobs_0265.png"; bbox 0 0 1816 3272; ppageno 0'>
   <div class='ocr_carea' id='block_1_1' title="bbox 404 237 1512 285">
    <p class='ocr_par' dir='ltr' id='par_1_1' title="bbox 404 237 1512 285">
     <span class='ocr_line' id='line_1_1' title="bbox 404 237 1512 285; baseline -0.006 -1"><span class='ocrx_word' id='word_1_1' title='bbox 404 241 739 285; x_wconf 87' lang='lat' dir='ltr'><strong>LECTIONES</strong></span> <span class='ocrx_word' id='word_1_2' title='bbox 772 241 1172 284; x_wconf 84' lang='lat' dir='ltr'><strong>ANDOCIDEAE.</strong></span> <span class='ocrx_word' id='word_1_3' title='bbox 1432 237 1512 279; x_wconf 78' lang='lat'><strong>193</strong></span> 
     </span>
    </p>
   </div>
   <div class='ocr_carea' id='block_1_2' title="bbox 44 340 1514 1314">
    <p class='ocr_par' dir='ltr' id='par_1_2' title="bbox 44 340 1514 1314">
     <span class='ocr_line' id='line_1_2' title="bbox 107 340 1512 398; baseline -0.006 -13"><span class='ocrx_word' id='word_1_4' title='bbox 107 345 200 385; x_wconf 84' lang='lat' dir='ltr'><strong>Post</strong></span> <span class='ocrx_word' id='word_1_5' title='bbox 223 347 397 398; x_wconf 87' lang='lat' dir='ltr'><strong>repulsos</strong></span> <span class='ocrx_word' id='word_1_6' title='bbox 421 363 467 387; x_wconf 84' lang='lat' dir='ltr'><strong>ex</strong></span> <span class='ocrx_word' id='word_1_7' title='bbox 489 348 646 387; x_wconf 75' lang='lat' dir='ltr'><strong>Graecia</strong></span> <span class='ocrx_word' id='word_1_8' title='bbox 668 347 855 386; x_wconf 80' lang='lat' dir='ltr'><strong>barbaros</strong></span> <span class='ocrx_word' id='word_1_9' title='bbox 876 362 993 398; x_wconf 90' lang='lat' dir='ltr'><strong>quum</strong></span> <span class='ocrx_word' id='word_1_10' title='bbox 1015 346 1272 386; x_wconf 80' lang='lat' dir='ltr'><strong>Athenienses</strong></span> <span class='ocrx_word' id='word_1_11' title='bbox 1298 349 1338 383; x_wconf 88' lang='lat' dir='ltr'><strong>et</strong></span> <span class='ocrx_word' id='word_1_12' title='bbox 1357 340 1512 380; x_wconf 84' lang='lat' dir='ltr'><strong>fortitu-</strong></span> 
     </span>
     <span class='ocr_line' id='line_1_3' title="bbox 50 407 1512 460; baseline -0.003 -15"><span class='ocrx_word' id='word_1_13' title='bbox 50 407 153 446; x_wconf 86' lang='lat' dir='ltr'><strong>dinis</strong></span> <span class='ocrx_word' id='word_1_14' title='bbox 182 410 478 455; x_wconf 71' lang='lat' dir='ltr'><strong>existimatione,</strong></span> <span class='ocrx_word' id='word_1_15' title='bbox 509 418 547 448; x_wconf 87' lang='lat' dir='ltr'><strong>et</strong></span> <span class='ocrx_word' id='word_1_16' title='bbox 577 410 750 460; x_wconf 84' lang='lat' dir='ltr'><strong>potentia</strong></span> <span class='ocrx_word' id='word_1_17' title='bbox 778 423 858 455; x_wconf 87' lang='lat' dir='ltr'><strong>sua,</strong></span> <span class='ocrx_word' id='word_1_18' title='bbox 889 416 928 447; x_wconf 90' lang='lat' dir='ltr'><strong>et</strong></span> <span class='ocrx_word' id='word_1_19' title='bbox 955 410 1150 447; x_wconf 86' lang='lat' dir='ltr'><strong>sociorum</strong></span> <span class='ocrx_word' id='word_1_20' title='bbox 1173 418 1333 446; x_wconf 86' lang='lat' dir='ltr'><strong>numero</strong></span> <span class='ocrx_word' id='word_1_21' title='bbox 1354 416 1512 454; x_wconf 84' lang='lat' dir='ltr'><strong>magno·</strong></span> 
     </span>
     <span class='ocr_line' id='line_1_4' title="bbox 50 465 1513 519; baseline -0.004 -12"><span class='ocrx_word' id='word_1_22' title='bbox 50 482 145 519; x_wconf 85' lang='lat' dir='ltr'><strong>pere</strong></span> <span class='ocrx_word' id='word_1_23' title='bbox 165 479 293 510; x_wconf 86' lang='lat' dir='ltr'><strong>essent</strong></span> <span class='ocrx_word' id='word_1_24' title='bbox 311 473 430 517; x_wconf 90' lang='lat' dir='ltr'><strong>aucti,</strong></span> <span class='ocrx_word' id='word_1_25' title='bbox 452 471 836 509; x_wconf 82' lang='lat' dir='ltr'><strong>Lacedaemoniorum</strong></span> <span class='ocrx_word' id='word_1_26' title='bbox 864 470 1047 508; x_wconf 81' lang='lat' dir='ltr'><strong>invidiam</strong></span> <span class='ocrx_word' id='word_1_27' title='bbox 1067 470 1252 508; x_wconf 81' lang='lat' dir='ltr'><strong>excitavit</strong></span> <span class='ocrx_word' id='word_1_28' title='bbox 1279 471 1417 518; x_wconf 87' lang='lat' dir='ltr'><strong>ingens</strong></span> <span class='ocrx_word' id='word_1_29' title='bbox 1446 465 1513 503; x_wconf 82' lang='lat' dir='ltr'><strong>illa</strong></span> 
     </span>
     <span class='ocr_line' id='line_1_5' title="bbox 49 526 1512 584; baseline -0.003 -16"><span class='ocrx_word' id='word_1_30' title='bbox 49 530 218 570; x_wconf 88' lang='lat' dir='ltr'><strong>civitatis</strong></span> <span class='ocrx_word' id='word_1_31' title='bbox 237 534 387 570; x_wconf 85' lang='lat' dir='ltr'><strong>aemulae</strong></span> <span class='ocrx_word' id='word_1_32' title='bbox 404 540 598 584; x_wconf 84' lang='lat' dir='ltr'><strong>potestas:</strong></span> <span class='ocrx_word' id='word_1_33' title='bbox 619 539 736 584; x_wconf 87' lang='lat' dir='ltr'><strong>atque</strong></span> <span class='ocrx_word' id='word_1_34' title='bbox 753 532 1010 570; x_wconf 86' lang='lat' dir='ltr'><strong>Athenienses</strong></span> <span class='ocrx_word' id='word_1_35' title='bbox 1029 532 1107 569; x_wconf 86' lang='lat' dir='ltr'><strong>suis</strong></span> <span class='ocrx_word' id='word_1_36' title='bbox 1122 531 1235 569; x_wconf 83' lang='lat' dir='ltr'><strong>rebus</strong></span> <span class='ocrx_word' id='word_1_37' title='bbox 1256 543 1330 567; x_wconf 89' lang='lat' dir='ltr'><strong>non</strong></span> <span class='ocrx_word' id='word_1_38' title='bbox 1344 526 1512 579; x_wconf 87' lang='lat' dir='ltr'><strong>amplius</strong></span> 
     </span>
     <span class='ocr_line' id='line_1_6' title="bbox 49 587 1513 645; baseline -0.003 -15"><span class='ocrx_word' id='word_1_39' title='bbox 49 594 224 631; x_wconf 85' lang='lat' dir='ltr'><strong>contenti</strong></span> <span class='ocrx_word' id='word_1_40' title='bbox 238 593 321 643; x_wconf 87' lang='lat' dir='ltr'><strong>jam</strong></span> <span class='ocrx_word' id='word_1_41' title='bbox 342 594 512 632; x_wconf 83' lang='lat' dir='ltr'><strong>Graeciae</strong></span> <span class='ocrx_word' id='word_1_42' title='bbox 531 595 650 633; x_wconf 88' lang='lat' dir='ltr'><strong>totius</strong></span> <span class='ocrx_word' id='word_1_43' title='bbox 670 595 898 644; x_wconf 83' lang='lat' dir='ltr'><strong>spectabant</strong></span> <span class='ocrx_word' id='word_1_44' title='bbox 917 593 1134 645; x_wconf 86' lang='lat' dir='ltr'><strong>imperium.</strong></span> <span class='ocrx_word' id='word_1_45' title='bbox 1192 592 1322 636; x_wconf 83' lang='lat' dir='ltr'><strong>Quum</strong></span> <span class='ocrx_word' id='word_1_46' title='bbox 1339 590 1455 641; x_wconf 81' lang='lat' dir='ltr'><strong>igitur</strong></span> <span class='ocrx_word' id='word_1_47' title='bbox 1472 587 1513 626; x_wconf 89' lang='lat' dir='ltr'><strong>hi</strong></span> 
     </span>
     <span class='ocr_line' id='line_1_7' title="bbox 50 650 1513 701; baseline -0.003 -9"><span class='ocrx_word' id='word_1_48' title='bbox 50 653 124 692; x_wconf 91' lang='lat' dir='ltr'><strong>sibi</strong></span> <span class='ocrx_word' id='word_1_49' title='bbox 144 655 308 693; x_wconf 83' lang='lat' dir='ltr'><strong>maxime</strong></span> <span class='ocrx_word' id='word_1_50' title='bbox 322 655 460 694; x_wconf 90' lang='lat' dir='ltr'><strong>obesse</strong></span> <span class='ocrx_word' id='word_1_51' title='bbox 477 656 795 694; x_wconf 83' lang='lat' dir='ltr'><strong>Lacedaemonios</strong></span> <span class='ocrx_word' id='word_1_52' title='bbox 810 656 1000 701; x_wconf 84' lang='lat' dir='ltr'><strong>viderent,</strong></span> <span class='ocrx_word' id='word_1_53' title='bbox 1017 655 1071 693; x_wconf 92' lang='lat' dir='ltr'><strong>illi</strong></span> <span class='ocrx_word' id='word_1_54' title='bbox 1087 667 1177 692; x_wconf 87' lang='lat' dir='ltr'><strong>vero</strong></span> <span class='ocrx_word' id='word_1_55' title='bbox 1192 666 1270 691; x_wconf 88' lang='lat' dir='ltr'><strong>non</strong></span> <span class='ocrx_word' id='word_1_56' title='bbox 1288 652 1360 690; x_wconf 87' lang='lat' dir='ltr'><strong>nisi</strong></span> <span class='ocrx_word' id='word_1_57' title='bbox 1379 650 1513 689; x_wconf 81' lang='lat' dir='ltr'><strong>fractis</strong></span> 
     </span>
     <span class='ocr_line' id='line_1_8' title="bbox 50 714 1511 768; baseline -0.003 -15"><span class='ocrx_word' id='word_1_58' title='bbox 50 715 358 756; x_wconf 87' lang='lat' dir='ltr'><strong>Atheniensibus</strong></span> <span class='ocrx_word' id='word_1_59' title='bbox 389 719 591 768; x_wconf 84' lang='lat' dir='ltr'><strong>pristinam</strong></span> <span class='ocrx_word' id='word_1_60' title='bbox 624 718 852 768; x_wconf 89' lang='lat' dir='ltr'><strong>dignitatem</strong></span> <span class='ocrx_word' id='word_1_61' title='bbox 886 732 927 756; x_wconf 89' lang='lat' dir='ltr'><strong>se</strong></span> <span class='ocrx_word' id='word_1_62' title='bbox 956 718 1056 756; x_wconf 88' lang='lat' dir='ltr'><strong>tueri</strong></span> <span class='ocrx_word' id='word_1_63' title='bbox 1087 729 1201 768; x_wconf 83' lang='lat' dir='ltr'><strong>posse</strong></span> <span class='ocrx_word' id='word_1_64' title='bbox 1236 714 1511 764; x_wconf 85' lang='lat' dir='ltr'><strong>intelligerent,</strong></span> 
     </span>
     <span class='ocr_line' id='line_1_9' title="bbox 48 775 1513 832; baseline -0.003 -17"><span class='ocrx_word' id='word_1_65' title='bbox 48 790 126 816; x_wconf 89' lang='lat' dir='ltr'><strong>non</strong></span> <span class='ocrx_word' id='word_1_66' title='bbox 147 785 206 816; x_wconf 91' lang='lat' dir='ltr'><strong>est</strong></span> <span class='ocrx_word' id='word_1_67' title='bbox 225 779 455 827; x_wconf 87' lang='lat' dir='ltr'><strong>mirandum,</strong></span> <span class='ocrx_word' id='word_1_68' title='bbox 483 786 559 818; x_wconf 90' lang='lat' dir='ltr'><strong>tam</strong></span> <span class='ocrx_word' id='word_1_69' title='bbox 580 779 692 818; x_wconf 84' lang='lat' dir='ltr'><strong>facile</strong></span> <span class='ocrx_word' id='word_1_70' title='bbox 712 781 887 832; x_wconf 82' lang='lat' dir='ltr'><strong>utrisque</strong></span> <span class='ocrx_word' id='word_1_71' title='bbox 907 780 1023 818; x_wconf 86' lang='lat' dir='ltr'><strong>fuisse</strong></span> <span class='ocrx_word' id='word_1_72' title='bbox 1044 790 1285 830; x_wconf 86' lang='lat' dir='ltr'><strong>persuasum,</strong></span> <span class='ocrx_word' id='word_1_73' title='bbox 1307 783 1349 814; x_wconf 88' lang='lat' dir='ltr'><strong>ut</strong></span> <span class='ocrx_word' id='word_1_74' title='bbox 1368 775 1513 812; x_wconf 89' lang='lat' dir='ltr'><strong>bellum</strong></span> 
     </span>
     <span class='ocr_line' id='line_1_10' title="bbox 48 837 1513 893; baseline -0.003 -16"><span class='ocrx_word' id='word_1_75' title='bbox 48 839 281 879; x_wconf 83' lang='lat' dir='ltr'><strong>Graecorum</strong></span> <span class='ocrx_word' id='word_1_76' title='bbox 311 842 418 893; x_wconf 88' lang='lat' dir='ltr'><strong>genti</strong></span> <span class='ocrx_word' id='word_1_77' title='bbox 441 842 628 881; x_wconf 83' lang='lat' dir='ltr'><strong>universae</strong></span> <span class='ocrx_word' id='word_1_78' title='bbox 650 842 845 881; x_wconf 81' lang='lat' dir='ltr'><strong>funestum</strong></span> <span class='ocrx_word' id='word_1_79' title='bbox 868 842 1126 893; x_wconf 81' lang='lat' dir='ltr'><strong>susciperent.</strong></span> <span class='ocrx_word' id='word_1_80' title='bbox 1184 837 1415 878; x_wconf 87' lang='lat' dir='ltr'><strong>Accedebat</strong></span> <span class='ocrx_word' id='word_1_81' title='bbox 1434 837 1513 874; x_wconf 86' lang='lat' dir='ltr'><strong>huc</strong></span> 
     </span>
     <span class='ocr_line' id='line_1_11' title="bbox 47 898 1513 956; baseline -0.002 -17"><span class='ocrx_word' id='word_1_82' title='bbox 47 900 209 941; x_wconf 88' lang='lat' dir='ltr'><strong>Periclis</strong></span> <span class='ocrx_word' id='word_1_83' title='bbox 232 905 457 956; x_wconf 84' lang='lat' dir='ltr'><strong>auctoritas,</strong></span> <span class='ocrx_word' id='word_1_84' title='bbox 487 905 555 955; x_wconf 91' lang='lat' dir='ltr'><strong>qui</strong></span> <span class='ocrx_word' id='word_1_85' title='bbox 581 909 662 943; x_wconf 89' lang='lat' dir='ltr'><strong>tum</strong></span> <span class='ocrx_word' id='word_1_86' title='bbox 685 905 851 943; x_wconf 88' lang='lat' dir='ltr'><strong>Athenis</strong></span> <span class='ocrx_word' id='word_1_87' title='bbox 877 904 1084 955; x_wconf 84' lang='lat' dir='ltr'><strong>plurimum</strong></span> <span class='ocrx_word' id='word_1_88' title='bbox 1105 902 1272 948; x_wconf 84' lang='lat' dir='ltr'><strong>valebat,</strong></span> <span class='ocrx_word' id='word_1_89' title='bbox 1294 898 1513 946; x_wconf 88' lang='lat' dir='ltr'><strong>multasque</strong></span> 
     </span>
     <span class='ocr_line' id='line_1_12' title="bbox 47 959 1514 1018; baseline -0.003 -17"><span class='ocrx_word' id='word_1_90' title='bbox 47 970 161 1003; x_wconf 86' lang='lat' dir='ltr'><strong>norat</strong></span> <span class='ocrx_word' id='word_1_91' title='bbox 189 966 300 1016; x_wconf 86' lang='lat' dir='ltr'><strong>quasi</strong></span> <span class='ocrx_word' id='word_1_92' title='bbox 325 967 621 1013; x_wconf 87' lang='lat' dir='ltr'><strong>incantationes,</strong></span> <span class='ocrx_word' id='word_1_93' title='bbox 652 967 794 1018; x_wconf 88' lang='lat' dir='ltr'><strong>quibus</strong></span> <span class='ocrx_word' id='word_1_94' title='bbox 827 967 969 1005; x_wconf 90' lang='lat' dir='ltr'><strong>civium</strong></span> <span class='ocrx_word' id='word_1_95' title='bbox 996 966 1142 1005; x_wconf 81' lang='lat' dir='ltr'><strong>animos</strong></span> <span class='ocrx_word' id='word_1_96' title='bbox 1176 964 1248 1002; x_wconf 87' lang='lat' dir='ltr'><strong>sibi</strong></span> <span class='ocrx_word' id='word_1_97' title='bbox 1276 959 1514 1000; x_wconf 84' lang='lat' dir='ltr'><strong>conciliabat</strong></span> 
     </span>
     <span class='ocr_line' id='line_1_13' title="bbox 48 1024 1514 1079; baseline -0.002 -16"><span class='ocrx_word' id='word_1_98' title='bbox 48 1025 299 1078; x_wconf 84' lang='lat' dir='ltr'><strong>ducebatque</strong></span> <span class='ocrx_word' id='word_1_99' title='bbox 329 1041 408 1078; x_wconf 88' lang='lat' dir='ltr'><strong>quo</strong></span> <span class='ocrx_word' id='word_1_100' title='bbox 434 1028 565 1076; x_wconf 89' lang='lat' dir='ltr'><strong>vellet,</strong></span> <span class='ocrx_word' id='word_1_101' title='bbox 596 1034 637 1067; x_wconf 88' lang='lat' dir='ltr'><strong>ut</strong></span> <span class='ocrx_word' id='word_1_102' title='bbox 662 1029 715 1066; x_wconf 90' lang='lat' dir='ltr'><strong>ait</strong></span> <span class='ocrx_word' id='word_1_103' title='bbox 741 1028 966 1079; x_wconf 86' lang='lat' dir='ltr'><strong>Xenophon</strong></span> <span class='ocrx_word' id='word_1_104' title='bbox 994 1028 1115 1066; x_wconf 89' lang='lat' dir='ltr'><strong>Mem.</strong></span> <span class='ocrx_word' id='word_1_105' title='bbox 1144 1027 1170 1064; x_wconf 93' lang='lat' dir='ltr'><strong>l.</strong></span> <span class='ocrx_word' id='word_1_106' title='bbox 1192 1026 1246 1062; x_wconf 90' lang='lat' dir='ltr'><strong>II.</strong></span> <span class='ocrx_word' id='word_1_107' title='bbox 1277 1038 1312 1062; x_wconf 91' lang='lat' dir='ltr'><strong>c.</strong></span> <span class='ocrx_word' id='word_1_108' title='bbox 1333 1027 1371 1060; x_wconf 88' lang='lat'><strong>6.</strong></span> <span class='ocrx_word' id='word_1_109' title='bbox 1401 1025 1432 1070; x_wconf 67' lang='grc' dir='ltr'><strong>ξ.</strong></span> <span class='ocrx_word' id='word_1_110' title='bbox 1446 1024 1514 1059; x_wconf 85' lang='grc'><strong>13.</strong></span> 
     </span>
     <span class='ocr_line' id='line_1_14' title="bbox 47 1085 1513 1141; baseline -0.003 -16"><span class='ocrx_word' id='word_1_111' title='bbox 47 1087 128 1126; x_wconf 91' lang='lat' dir='ltr'><strong>Hic</strong></span> <span class='ocrx_word' id='word_1_112' title='bbox 153 1087 270 1140; x_wconf 84' lang='lat' dir='ltr'><strong>igitur</strong></span> <span class='ocrx_word' id='word_1_113' title='bbox 298 1102 417 1140; x_wconf 87' lang='lat' dir='ltr'><strong>quum</strong></span> <span class='ocrx_word' id='word_1_114' title='bbox 444 1090 650 1141; x_wconf 87' lang='lat' dir='ltr'><strong>pecuniam</strong></span> <span class='ocrx_word' id='word_1_115' title='bbox 680 1091 875 1141; x_wconf 86' lang='lat' dir='ltr'><strong>publicam</strong></span> <span class='ocrx_word' id='word_1_116' title='bbox 908 1090 1032 1128; x_wconf 90' lang='lat' dir='ltr'><strong>minus</strong></span> <span class='ocrx_word' id='word_1_117' title='bbox 1060 1089 1162 1127; x_wconf 87' lang='lat' dir='ltr'><strong>bene</strong></span> <span class='ocrx_word' id='word_1_118' title='bbox 1191 1085 1513 1128; x_wconf 83' lang='lat' dir='ltr'><strong>administrasset,</strong></span> 
     </span>
     <span class='ocr_line' id='line_1_15' title="bbox 46 1147 1513 1200; baseline -0.003 -13"><span class='ocrx_word' id='word_1_119' title='bbox 46 1147 212 1200; x_wconf 85' lang='lat' dir='ltr'><strong>ejusque</strong></span> <span class='ocrx_word' id='word_1_120' title='bbox 231 1150 574 1190; x_wconf 85' lang='lat' dir='ltr'><strong>administrationis</strong></span> <span class='ocrx_word' id='word_1_121' title='bbox 593 1153 782 1191; x_wconf 84' lang='lat' dir='ltr'><strong>rationem</strong></span> <span class='ocrx_word' id='word_1_122' title='bbox 799 1152 963 1191; x_wconf 89' lang='lat' dir='ltr'><strong>reddere</strong></span> <span class='ocrx_word' id='word_1_123' title='bbox 979 1157 1190 1198; x_wconf 89' lang='lat' dir='ltr'><strong>vereretur,</strong></span> <span class='ocrx_word' id='word_1_124' title='bbox 1207 1149 1291 1187; x_wconf 88' lang='lat' dir='ltr'><strong>aliis</strong></span> <span class='ocrx_word' id='word_1_125' title='bbox 1309 1147 1427 1186; x_wconf 90' lang='lat' dir='ltr'><strong>rebus</strong></span> <span class='ocrx_word' id='word_1_126' title='bbox 1441 1157 1513 1196; x_wconf 93' lang='lat' dir='ltr'><strong>po-</strong></span> 
     </span>
     <span class='ocr_line' id='line_1_16' title="bbox 44 1211 1512 1264; baseline -0.001 -15"><span class='ocrx_word' id='word_1_127' title='bbox 44 1211 179 1262; x_wconf 89' lang='lat' dir='ltr'><strong>pulum</strong></span> <span class='ocrx_word' id='word_1_128' title='bbox 208 1212 405 1263; x_wconf 88' lang='lat' dir='ltr'><strong>implicare</strong></span> <span class='ocrx_word' id='word_1_129' title='bbox 424 1214 585 1260; x_wconf 87' lang='lat' dir='ltr'><strong>studuit,</strong></span> <span class='ocrx_word' id='word_1_130' title='bbox 608 1222 651 1253; x_wconf 89' lang='lat' dir='ltr'><strong>ut</strong></span> <span class='ocrx_word' id='word_1_131' title='bbox 671 1215 852 1253; x_wconf 87' lang='lat' dir='ltr'><strong>molestas</strong></span> <span class='ocrx_word' id='word_1_132' title='bbox 873 1215 964 1253; x_wconf 87' lang='lat' dir='ltr'><strong>istas</strong></span> <span class='ocrx_word' id='word_1_133' title='bbox 982 1213 1145 1257; x_wconf 67' lang='grc' dir='ltr'><strong>εὐθύνας</strong></span> <span class='ocrx_word' id='word_1_134' title='bbox 1163 1212 1366 1264; x_wconf 86' lang='lat' dir='ltr'><strong>effugeret,</strong></span> <span class='ocrx_word' id='word_1_135' title='bbox 1393 1214 1512 1259; x_wconf 84' lang='lat' dir='ltr'><strong>atque</strong></span> 
     </span>
     <span class='ocr_line' id='line_1_17' title="bbox 46 1285 392 1314; baseline 0.009 -3"><span class='ocrx_word' id='word_1_136' title='bbox 46 1285 188 1312; x_wconf 79' lang='lat' dir='ltr'><strong>civium</strong></span> <span class='ocrx_word' id='word_1_137' title='bbox 210 1287 392 1314; x_wconf 87' lang='lat' dir='ltr'><strong>suorum:</strong></span> 
     </span>
    </p>
   </div>
   <div class='ocr_carea' id='block_1_3' title="bbox 203 1367 1279 1670">
    <p class='ocr_par' dir='ltr' id='par_1_3' title="bbox 203 1367 1279 1670">
     <span class='ocr_line' id='line_1_18' title="bbox 203 1367 1191 1422; baseline -0.001 -16"><span class='ocrx_word' id='word_1_138' title='bbox 203 1367 289 1411; x_wconf 85' lang='grc' dir='ltr'><strong>Τὰς</strong></span> <span class='ocrx_word' id='word_1_139' title='bbox 308 1372 435 1422; x_wconf 80' lang='grc' dir='ltr'>φύσεις</span> <span class='ocrx_word' id='word_1_140' title='bbox 449 1369 678 1412; x_wconf 79' lang='grc' dir='ltr'>-δεδοικὼς</span> <span class='ocrx_word' id='word_1_141' title='bbox 697 1372 756 1407; x_wconf 84' lang='grc' dir='ltr'><strong>καὶ</strong></span> <span class='ocrx_word' id='word_1_142' title='bbox 776 1370 839 1408; x_wconf 83' lang='grc' dir='ltr'><strong>τὸν</strong></span> <span class='ocrx_word' id='word_1_143' title='bbox 859 1368 1018 1415; x_wconf 50' lang='lat' dir='ltr'><strong>atu-0602&amp;</strong></span> <span class='ocrx_word' id='word_1_144' title='bbox 1036 1369 1191 1419; x_wconf 82' lang='grc' dir='ltr'>τρόπον,</span> 
     </span>
     <span class='ocr_line' id='line_1_19' title="bbox 207 1430 1218 1484; baseline -0.002 -16"><span class='ocrx_word' id='word_1_145' title='bbox 207 1430 307 1481; x_wconf 84' lang='grc' dir='ltr'>Πρὶν</span> <span class='ocrx_word' id='word_1_146' title='bbox 324 1430 464 1470; x_wconf 66' lang='grc' dir='ltr'>παθεῖν</span> <span class='ocrx_word' id='word_1_147' title='bbox 484 1449 518 1470; x_wconf 84' lang='grc' dir='ltr'><strong>τι</strong></span> <span class='ocrx_word' id='word_1_148' title='bbox 538 1431 670 1479; x_wconf 80' lang='grc' dir='ltr'>δεινὸν,</span> <span class='ocrx_word' id='word_1_149' title='bbox 692 1432 805 1476; x_wconf 77' lang='grc' dir='ltr'>αὐτὸς</span> <span class='ocrx_word' id='word_1_150' title='bbox 823 1432 987 1484; x_wconf 75' lang='grc' dir='ltr'>ἐξέφλεξε</span> <span class='ocrx_word' id='word_1_151' title='bbox 1006 1433 1074 1476; x_wconf 84' lang='grc' dir='ltr'><strong>τὴν</strong></span> <span class='ocrx_word' id='word_1_152' title='bbox 1093 1431 1218 1468; x_wconf 81' lang='grc' dir='ltr'>πόλιν·</span> 
     </span>
     <span class='ocr_line' id='line_1_20' title="bbox 206 1492 1279 1546; baseline -0.003 -15"><span class='ocrx_word' id='word_1_153' title='bbox 206 1492 414 1545; x_wconf 82' lang='grc' dir='ltr'>Ἐμβαλὼν</span> <span class='ocrx_word' id='word_1_154' title='bbox 436 1493 626 1545; x_wconf 61' lang='grc' dir='ltr'>σπινθῆρα</span> <span class='ocrx_word' id='word_1_155' title='bbox 644 1495 773 1546; x_wconf 79' lang='grc' dir='ltr'>μικρὸν</span> <span class='ocrx_word' id='word_1_156' title='bbox 791 1492 1008 1545; x_wconf 79' lang='grc' dir='ltr'>Μεγαρικοῦ</span> <span class='ocrx_word' id='word_1_157' title='bbox 1029 1494 1279 1545; x_wconf 73' lang='grc' dir='ltr'>ψηφίσματος,</span> 
     </span>
     <span class='ocr_line' id='line_1_21' title="bbox 207 1554 1181 1607; baseline -0.002 -14"><span class='ocrx_word' id='word_1_158' title='bbox 207 1554 452 1607; x_wconf 73' lang='grc' dir='ltr'>Ἐξεφῦσησεν</span> <span class='ocrx_word' id='word_1_159' title='bbox 472 1561 653 1595; x_wconf 81' lang='grc' dir='ltr'>τοσοῦτον</span> <span class='ocrx_word' id='word_1_160' title='bbox 671 1559 851 1606; x_wconf 83' lang='grc' dir='ltr'>πόλεμον,</span> <span class='ocrx_word' id='word_1_161' title='bbox 873 1558 966 1595; x_wconf 82' lang='grc' dir='ltr'>ὥστε</span> <span class='ocrx_word' id='word_1_162' title='bbox 986 1558 1035 1607; x_wconf 72' lang='grc' dir='ltr'><strong>τῷ</strong></span> <span class='ocrx_word' id='word_1_163' title='bbox 1055 1555 1181 1604; x_wconf 76' lang='grc' dir='ltr'>καπνῷ</span> 
     </span>
     <span class='ocr_line' id='line_1_22' title="bbox 206 1616 788 1670; baseline 0 -15"><span class='ocrx_word' id='word_1_164' title='bbox 206 1616 366 1661; x_wconf 79' lang='grc' dir='ltr'>Πάντας</span> <span class='ocrx_word' id='word_1_165' title='bbox 378 1619 576 1665; x_wconf 84' lang='grc' dir='ltr'>’Έλληνας</span> <span class='ocrx_word' id='word_1_166' title='bbox 595 1617 788 1670; x_wconf 80' lang='grc' dir='ltr'>δακρῦσαι.</span> 
     </span>
    </p>
   </div>
   <div class='ocr_carea' id='block_1_4' title="bbox 43 1711 1517 3114">
    <p class='ocr_par' dir='ltr' id='par_1_4' title="bbox 47 1711 1514 2081">
     <span class='ocr_line' id='line_1_23' title="bbox 48 1711 1511 1772; baseline -0.008 -12"><span class='ocrx_word' id='word_1_167' title='bbox 48 1727 92 1760; x_wconf 89' lang='lat' dir='ltr'><strong>ut</strong></span> <span class='ocrx_word' id='word_1_168' title='bbox 119 1726 177 1760; x_wconf 89' lang='lat' dir='ltr'><strong>est</strong></span> <span class='ocrx_word' id='word_1_169' title='bbox 197 1720 303 1772; x_wconf 88' lang='lat' dir='ltr'><strong>apud</strong></span> <span class='ocrx_word' id='word_1_170' title='bbox 327 1721 529 1772; x_wconf 90' lang='lat' dir='ltr'><strong>Aristoph.</strong></span> <span class='ocrx_word' id='word_1_171' title='bbox 549 1720 588 1759; x_wconf 93' lang='lat' dir='ltr'><strong>in</strong></span> <span class='ocrx_word' id='word_1_172' title='bbox 608 1721 711 1760; x_wconf 88' lang='lat' dir='ltr'><strong>Pace</strong></span> <span class='ocrx_word' id='word_1_173' title='bbox 732 1735 767 1759; x_wconf 91' lang='lat' dir='ltr'><strong>v.</strong></span> <span class='ocrx_word' id='word_1_174' title='bbox 788 1725 881 1761; x_wconf 89' lang='lat'>606.</span> <span class='ocrx_word' id='word_1_175' title='bbox 939 1721 1027 1759; x_wconf 88' lang='lat' dir='ltr'><strong>Hoc</strong></span> <span class='ocrx_word' id='word_1_176' title='bbox 1050 1719 1192 1758; x_wconf 86' lang='lat' dir='ltr'><strong>bellum</strong></span> <span class='ocrx_word' id='word_1_177' title='bbox 1215 1728 1330 1765; x_wconf 87' lang='lat' dir='ltr'><strong>quum</strong></span> <span class='ocrx_word' id='word_1_178' title='bbox 1352 1712 1435 1765; x_wconf 88' lang='lat' dir='ltr'><strong>pari</strong></span> <span class='ocrx_word' id='word_1_179' title='bbox 1455 1711 1511 1749; x_wconf 88' lang='lat' dir='ltr'><strong>vi-</strong></span> 
     </span>
     <span class='ocr_line' id='line_1_24' title="bbox 49 1773 1511 1834; baseline -0.008 -12"><span class='ocrx_word' id='word_1_180' title='bbox 49 1782 148 1822; x_wconf 85' lang='lat' dir='ltr'><strong>rium</strong></span> <span class='ocrx_word' id='word_1_181' title='bbox 177 1783 429 1821; x_wconf 85' lang='lat' dir='ltr'><strong>contentione</strong></span> <span class='ocrx_word' id='word_1_182' title='bbox 455 1782 692 1834; x_wconf 89' lang='lat' dir='ltr'><strong>paribusque</strong></span> <span class='ocrx_word' id='word_1_183' title='bbox 720 1773 871 1830; x_wconf 88' lang='lat' dir='ltr'><strong>animis,</strong></span> <span class='ocrx_word' id='word_1_184' title='bbox 901 1796 972 1834; x_wconf 89' lang='lat' dir='ltr'><strong>per</strong></span> <span class='ocrx_word' id='word_1_185' title='bbox 1001 1782 1135 1820; x_wconf 89' lang='lat' dir='ltr'><strong>decem</strong></span> <span class='ocrx_word' id='word_1_186' title='bbox 1161 1779 1347 1828; x_wconf 87' lang='lat' dir='ltr'><strong>deinceps</strong></span> <span class='ocrx_word' id='word_1_187' title='bbox 1376 1787 1511 1821; x_wconf 86' lang='lat' dir='ltr'><strong>annos,</strong></span> 
     </span>
     <span class='ocr_line' id='line_1_25' title="bbox 47 1837 1513 1897; baseline -0.008 -13"><span class='ocrx_word' id='word_1_188' title='bbox 47 1845 156 1884; x_wconf 87' lang='lat' dir='ltr'><strong>varia</strong></span> <span class='ocrx_word' id='word_1_189' title='bbox 184 1845 343 1884; x_wconf 84' lang='lat' dir='ltr'><strong>fortuna</strong></span> <span class='ocrx_word' id='word_1_190' title='bbox 375 1845 586 1896; x_wconf 85' lang='lat' dir='ltr'><strong>gessissent</strong></span> <span class='ocrx_word' id='word_1_191' title='bbox 617 1846 899 1897; x_wconf 79' lang='lat' dir='ltr'><strong>potentissimae</strong></span> <span class='ocrx_word' id='word_1_192' title='bbox 934 1844 1102 1883; x_wconf 80' lang='lat' dir='ltr'><strong>Graeciae</strong></span> <span class='ocrx_word' id='word_1_193' title='bbox 1132 1842 1322 1885; x_wconf 86' lang='lat' dir='ltr'><strong>civitates,</strong></span> <span class='ocrx_word' id='word_1_194' title='bbox 1355 1837 1513 1876; x_wconf 83' lang='lat' dir='ltr'><strong>tandein</strong></span> 
     </span>
     <span class='ocr_line' id='line_1_26' title="bbox 48 1898 1514 1959; baseline -0.008 -12"><span class='ocrx_word' id='word_1_195' title='bbox 48 1908 190 1947; x_wconf 89' lang='lat' dir='ltr'><strong>mutuis</strong></span> <span class='ocrx_word' id='word_1_196' title='bbox 202 1908 380 1946; x_wconf 89' lang='lat' dir='ltr'><strong>cladibus</strong></span> <span class='ocrx_word' id='word_1_197' title='bbox 397 1907 635 1959; x_wconf 85' lang='lat' dir='ltr'><strong>defatigatae,</strong></span> <span class='ocrx_word' id='word_1_198' title='bbox 651 1909 761 1945; x_wconf 86' lang='lat' dir='ltr'><strong>caesis</strong></span> <span class='ocrx_word' id='word_1_199' title='bbox 777 1908 827 1944; x_wconf 92' lang='lat' dir='ltr'><strong>ad</strong></span> <span class='ocrx_word' id='word_1_200' title='bbox 847 1905 1103 1956; x_wconf 88' lang='lat' dir='ltr'><strong>Amphipolin</strong></span> <span class='ocrx_word' id='word_1_201' title='bbox 1120 1904 1265 1942; x_wconf 89' lang='lat' dir='ltr'><strong>Cleone</strong></span> <span class='ocrx_word' id='word_1_202' title='bbox 1280 1908 1322 1939; x_wconf 86' lang='lat' dir='ltr'><strong>et</strong></span> <span class='ocrx_word' id='word_1_203' title='bbox 1338 1898 1514 1944; x_wconf 64' lang='lat' dir='ltr'><strong>masida,</strong></span> 
     </span>
     <span class='ocr_line' id='line_1_27' title="bbox 47 1961 1514 2020; baseline -0.008 -12"><span class='ocrx_word' id='word_1_204' title='bbox 47 1968 114 2018; x_wconf 90' lang='lat' dir='ltr'><strong>qui</strong></span> <span class='ocrx_word' id='word_1_205' title='bbox 133 1966 405 2020; x_wconf 65' lang='lat' dir='ltr'><strong>paci‘maxime</strong></span> <span class='ocrx_word' id='word_1_206' title='bbox 431 1968 587 2007; x_wconf 87' lang='lat' dir='ltr'><strong>fuerant</strong></span> <span class='ocrx_word' id='word_1_207' title='bbox 606 1968 817 2013; x_wconf 87' lang='lat' dir='ltr'><strong>adversati,</strong></span> <span class='ocrx_word' id='word_1_208' title='bbox 843 1966 993 2005; x_wconf 87' lang='lat' dir='ltr'><strong>foedera</strong></span> <span class='ocrx_word' id='word_1_209' title='bbox 1014 1966 1051 2003; x_wconf 87' lang='lat' dir='ltr'><strong>in</strong></span> <span class='ocrx_word' id='word_1_210' title='bbox 1079 1961 1362 2014; x_wconf 87' lang='lat' dir='ltr'><strong>quinquaginta</strong></span> <span class='ocrx_word' id='word_1_211' title='bbox 1391 1971 1514 1997; x_wconf 90' lang='lat' dir='ltr'><strong>annos</strong></span> 
     </span>
     <span class='ocr_line' id='line_1_28' title="bbox 48 2029 870 2081; baseline -0.002 -13"><span class='ocrx_word' id='word_1_212' title='bbox 48 2030 231 2079; x_wconf 88' lang='lat' dir='ltr'><strong>inierunt,</strong></span> <span class='ocrx_word' id='word_1_213' title='bbox 253 2044 300 2069; x_wconf 92' lang='lat' dir='ltr'><strong>ne</strong></span> <span class='ocrx_word' id='word_1_214' title='bbox 321 2036 471 2081; x_wconf 88' lang='lat' dir='ltr'><strong>septem</strong></span> <span class='ocrx_word' id='word_1_215' title='bbox 491 2030 650 2081; x_wconf 89' lang='lat' dir='ltr'><strong>quidem</strong></span> <span class='ocrx_word' id='word_1_216' title='bbox 672 2029 870 2067; x_wconf 86' lang='lat' dir='ltr'><strong>duratura.</strong></span> 
     </span>
    </p>

    <p class='ocr_par' dir='ltr' id='par_1_5' title="bbox 43 2081 1516 2624">
     <span class='ocr_line' id='line_1_29' title="bbox 104 2081 1512 2143; baseline -0.009 -13"><span class='ocrx_word' id='word_1_217' title='bbox 104 2093 362 2132; x_wconf 87' lang='lat' dir='ltr'><strong>Athenienses</strong></span> <span class='ocrx_word' id='word_1_218' title='bbox 388 2093 488 2131; x_wconf 89' lang='lat' dir='ltr'><strong>enim</strong></span> <span class='ocrx_word' id='word_1_219' title='bbox 511 2092 714 2143; x_wconf 87' lang='lat' dir='ltr'><strong>quiescere</strong></span> <span class='ocrx_word' id='word_1_220' title='bbox 733 2104 810 2129; x_wconf 90' lang='lat' dir='ltr'><strong>non</strong></span> <span class='ocrx_word' id='word_1_221' title='bbox 831 2089 983 2128; x_wconf 90' lang='lat' dir='ltr'><strong>sinebat</strong></span> <span class='ocrx_word' id='word_1_222' title='bbox 1003 2086 1231 2126; x_wconf 86' lang='lat' dir='ltr'><strong>dominandi</strong></span> <span class='ocrx_word' id='word_1_223' title='bbox 1250 2084 1396 2127; x_wconf 89' lang='lat' dir='ltr'><strong>libido;</strong></span> <span class='ocrx_word' id='word_1_224' title='bbox 1428 2081 1512 2127; x_wconf 90' lang='lat' dir='ltr'><strong>sed,</strong></span> 
     </span>
     <span class='ocr_line' id='line_1_30' title="bbox 51 2144 1513 2205; baseline -0.009 -12"><span class='ocrx_word' id='word_1_225' title='bbox 51 2154 164 2193; x_wconf 87' lang='lat' dir='ltr'><strong>simul</strong></span> <span class='ocrx_word' id='word_1_226' title='bbox 182 2160 300 2205; x_wconf 88' lang='lat' dir='ltr'><strong>atque</strong></span> <span class='ocrx_word' id='word_1_227' title='bbox 320 2167 344 2192; x_wconf 88' lang='lat' dir='ltr'><strong>a</strong></span> <span class='ocrx_word' id='word_1_228' title='bbox 363 2153 556 2204; x_wconf 90' lang='lat' dir='ltr'><strong>prioribus</strong></span> <span class='ocrx_word' id='word_1_229' title='bbox 579 2153 818 2201; x_wconf 86' lang='lat' dir='ltr'><strong>aliquantum</strong></span> <span class='ocrx_word' id='word_1_230' title='bbox 841 2165 880 2189; x_wconf 91' lang='lat' dir='ltr'><strong>se</strong></span> <span class='ocrx_word' id='word_1_231' title='bbox 899 2150 1117 2188; x_wconf 84' lang='lat' dir='ltr'><strong>refecerant</strong></span> <span class='ocrx_word' id='word_1_232' title='bbox 1143 2148 1337 2193; x_wconf 87' lang='lat' dir='ltr'><strong>cladibus,</strong></span> <span class='ocrx_word' id='word_1_233' title='bbox 1362 2144 1412 2182; x_wconf 87' lang='lat' dir='ltr'><strong>ad</strong></span> <span class='ocrx_word' id='word_1_234' title='bbox 1433 2155 1513 2181; x_wconf 88' lang='lat' dir='ltr'><strong>ma-</strong></span> 
     </span>
     <span class='ocr_line' id='line_1_31' title="bbox 43 2205 1514 2266; baseline -0.01 -11"><span class='ocrx_word' id='word_1_235' title='bbox 43 2216 136 2266; x_wconf 87' lang='lat' dir='ltr'><strong>j0ra</strong></span> <span class='ocrx_word' id='word_1_236' title='bbox 155 2216 323 2254; x_wconf 90' lang='lat' dir='ltr'><strong>animum</strong></span> <span class='ocrx_word' id='word_1_237' title='bbox 343 2214 598 2264; x_wconf 88' lang='lat' dir='ltr'><strong>adjecerunt:</strong></span> <span class='ocrx_word' id='word_1_238' title='bbox 627 2221 668 2252; x_wconf 90' lang='lat' dir='ltr'><strong>et</strong></span> <span class='ocrx_word' id='word_1_239' title='bbox 695 2214 761 2262; x_wconf 88' lang='lat' dir='ltr'><strong>qui</strong></span> <span class='ocrx_word' id='word_1_240' title='bbox 791 2213 884 2251; x_wconf 86' lang='lat' dir='ltr'><strong>satis</strong></span> <span class='ocrx_word' id='word_1_241' title='bbox 913 2212 1123 2257; x_wconf 83' lang='lat' dir='ltr'><strong>habebant,</strong></span> <span class='ocrx_word' id='word_1_242' title='bbox 1153 2210 1183 2248; x_wconf 90' lang='lat' dir='ltr'><strong>si</strong></span> <span class='ocrx_word' id='word_1_243' title='bbox 1207 2222 1277 2246; x_wconf 88' lang='lat' dir='ltr'><strong>sua</strong></span> <span class='ocrx_word' id='word_1_244' title='bbox 1301 2205 1401 2245; x_wconf 86' lang='lat' dir='ltr'><strong>tueri</strong></span> <span class='ocrx_word' id='word_1_245' title='bbox 1421 2218 1514 2256; x_wconf 90' lang='lat' dir='ltr'><strong>pos-</strong></span> 
     </span>
     <span class='ocr_line' id='line_1_32' title="bbox 51 2268 1515 2328; baseline -0.008 -12"><span class='ocrx_word' id='word_1_246' title='bbox 51 2283 151 2324; x_wconf 89' lang='lat' dir='ltr'><strong>sent,</strong></span> <span class='ocrx_word' id='word_1_247' title='bbox 169 2277 354 2324; x_wconf 74' lang='lat' dir='ltr'><strong>Siciliam,</strong></span> <span class='ocrx_word' id='word_1_248' title='bbox 370 2276 644 2328; x_wconf 83' lang='lat' dir='ltr'><strong>Carthaginem</strong></span> <span class='ocrx_word' id='word_1_249' title='bbox 663 2281 861 2323; x_wconf 83' lang='lat' dir='ltr'><strong>totamque</strong></span> <span class='ocrx_word' id='word_1_250' title='bbox 881 2274 1050 2313; x_wconf 78' lang='lat' dir='ltr'><strong>Africam</strong></span> <span class='ocrx_word' id='word_1_251' title='bbox 1068 2280 1196 2311; x_wconf 88' lang='lat' dir='ltr'><strong>mente</strong></span> <span class='ocrx_word' id='word_1_252' title='bbox 1215 2285 1262 2309; x_wconf 89' lang='lat' dir='ltr'><strong>ac</strong></span> <span class='ocrx_word' id='word_1_253' title='bbox 1278 2268 1515 2320; x_wconf 88' lang='lat' dir='ltr'><strong>cogitatione</strong></span> 
     </span>
     <span class='ocr_line' id='line_1_33' title="bbox 52 2328 1516 2390; baseline -0.008 -12"><span class='ocrx_word' id='word_1_254' title='bbox 52 2346 142 2379; x_wconf 89' lang='lat' dir='ltr'><strong>sunt</strong></span> <span class='ocrx_word' id='word_1_255' title='bbox 174 2338 383 2390; x_wconf 83' lang='lat' dir='ltr'><strong>complexi.</strong></span> <span class='ocrx_word' id='word_1_256' title='bbox 447 2338 536 2377; x_wconf 92' lang='lat' dir='ltr'><strong>Vid.</strong></span> <span class='ocrx_word' id='word_1_257' title='bbox 572 2338 752 2389; x_wconf 82' lang='lat' dir='ltr'><strong>Thucyd.</strong></span> <span class='ocrx_word' id='word_1_258' title='bbox 786 2337 812 2374; x_wconf 91' lang='lat' dir='ltr'><strong>l.</strong></span> <span class='ocrx_word' id='word_1_259' title='bbox 846 2336 915 2375; x_wconf 94' lang='lat' dir='ltr'><strong>VI.</strong></span> <span class='ocrx_word' id='word_1_260' title='bbox 945 2351 979 2374; x_wconf 88' lang='lat' dir='ltr'><strong>c.</strong></span> <span class='ocrx_word' id='word_1_261' title='bbox 1005 2340 1070 2374; x_wconf 77' lang='lat'><strong>12.</strong></span> <span class='ocrx_word' id='word_1_262' title='bbox 1102 2339 1167 2373; x_wconf 77' lang='lat'><strong>24.</strong></span> <span class='ocrx_word' id='word_1_263' title='bbox 1201 2338 1281 2379; x_wconf 65' lang='lat'><strong>26„</strong></span> <span class='ocrx_word' id='word_1_264' title='bbox 1310 2328 1516 2380; x_wconf 87' lang='lat' dir='ltr'><strong>Aristoph.</strong></span> 
     </span>
     <span class='ocr_line' id='line_1_34' title="bbox 54 2396 1515 2453; baseline -0.008 -13"><span class='ocrx_word' id='word_1_265' title='bbox 54 2399 190 2453; x_wconf 84' lang='lat' dir='ltr'><strong>Equit.</strong></span> <span class='ocrx_word' id='word_1_266' title='bbox 205 2414 242 2439; x_wconf 89' lang='lat' dir='ltr'><strong>v.</strong></span> <span class='ocrx_word' id='word_1_267' title='bbox 266 2404 370 2447; x_wconf 68' lang='lat'><strong>174„</strong></span> <span class='ocrx_word' id='word_1_268' title='bbox 391 2401 512 2438; x_wconf 89' lang='lat' dir='ltr'><strong>Isocr.</strong></span> <span class='ocrx_word' id='word_1_269' title='bbox 530 2400 579 2438; x_wconf 89' lang='lat' dir='ltr'><strong>de</strong></span> <span class='ocrx_word' id='word_1_270' title='bbox 594 2400 697 2438; x_wconf 75' lang='lat' dir='ltr'><strong>Pace</strong></span> <span class='ocrx_word' id='word_1_271' title='bbox 718 2413 756 2450; x_wconf 89' lang='lat' dir='ltr'><strong>p.</strong></span> <span class='ocrx_word' id='word_1_272' title='bbox 772 2403 865 2440; x_wconf 80' lang='lat'><strong>175.</strong></span> <span class='ocrx_word' id='word_1_273' title='bbox 883 2411 1010 2448; x_wconf 70' lang='lat' dir='ltr'><strong>seqq„</strong></span> <span class='ocrx_word' id='word_1_274' title='bbox 1034 2396 1209 2434; x_wconf 87' lang='lat' dir='ltr'><strong>AEschin.</strong></span> <span class='ocrx_word' id='word_1_275' title='bbox 1229 2412 1271 2432; x_wconf 89' lang='grc' dir='ltr'><strong>π.</strong></span> <span class='ocrx_word' id='word_1_276' title='bbox 1288 2412 1321 2433; x_wconf 87' lang='grc' dir='ltr'><strong>τ.</strong></span> <span class='ocrx_word' id='word_1_277' title='bbox 1348 2409 1515 2444; x_wconf 80' lang='grc' dir='ltr'>παραπρ.</span> 
     </span>
     <span class='ocr_line' id='line_1_35' title="bbox 53 2454 1515 2515; baseline -0.008 -13"><span class='ocrx_word' id='word_1_278' title='bbox 53 2476 94 2515; x_wconf 89' lang='lat' dir='ltr'><strong>p.</strong></span> <span class='ocrx_word' id='word_1_279' title='bbox 114 2467 196 2511; x_wconf 65' lang='lat'><strong>38„</strong></span> <span class='ocrx_word' id='word_1_280' title='bbox 226 2462 344 2501; x_wconf 90' lang='lat' dir='ltr'><strong>Diod.</strong></span> <span class='ocrx_word' id='word_1_281' title='bbox 366 2462 447 2500; x_wconf 91' lang='lat' dir='ltr'><strong>Sic.</strong></span> <span class='ocrx_word' id='word_1_282' title='bbox 475 2462 501 2500; x_wconf 92' lang='lat' dir='ltr'><strong>l.</strong></span> <span class='ocrx_word' id='word_1_283' title='bbox 525 2462 619 2499; x_wconf 90' lang='lat' dir='ltr'><strong>XII.</strong></span> <span class='ocrx_word' id='word_1_284' title='bbox 649 2475 684 2499; x_wconf 89' lang='lat' dir='ltr'><strong>c.</strong></span> <span class='ocrx_word' id='word_1_285' title='bbox 703 2465 768 2499; x_wconf 83' lang='grc'><strong>54.</strong></span> <span class='ocrx_word' id='word_1_286' title='bbox 795 2466 860 2499; x_wconf 88' lang='lat'><strong>83.</strong></span> <span class='ocrx_word' id='word_1_287' title='bbox 890 2460 914 2497; x_wconf 91' lang='lat' dir='ltr'><strong>l.</strong></span> <span class='ocrx_word' id='word_1_288' title='bbox 936 2460 1053 2497; x_wconf 83' lang='lat' dir='ltr'><strong>XIII.</strong></span> <span class='ocrx_word' id='word_1_289' title='bbox 1083 2472 1118 2496; x_wconf 90' lang='lat' dir='ltr'><strong>c.</strong></span> <span class='ocrx_word' id='word_1_290' title='bbox 1147 2461 1201 2503; x_wconf 81' lang='grc'><strong>2.,</strong></span> <span class='ocrx_word' id='word_1_291' title='bbox 1245 2455 1444 2494; x_wconf 89' lang='lat' dir='ltr'><strong>Plutarch.</strong></span> <span class='ocrx_word' id='word_1_292' title='bbox 1476 2454 1515 2491; x_wconf 90' lang='lat' dir='ltr'><strong>in</strong></span> 
     </span>
     <span class='ocr_line' id='line_1_36' title="bbox 55 2517 1515 2574; baseline -0.007 -12"><span class='ocrx_word' id='word_1_293' title='bbox 55 2523 189 2563; x_wconf 82' lang='lat' dir='ltr'><strong>Alcib.</strong></span> <span class='ocrx_word' id='word_1_294' title='bbox 209 2536 249 2574; x_wconf 93' lang='lat' dir='ltr'><strong>p.</strong></span> <span class='ocrx_word' id='word_1_295' title='bbox 272 2528 363 2563; x_wconf 88' lang='grc'><strong>199.</strong></span> <span class='ocrx_word' id='word_1_296' title='bbox 385 2523 431 2560; x_wconf 87' lang='grc' dir='ltr'><strong>Ε.</strong></span> <span class='ocrx_word' id='word_1_297' title='bbox 461 2523 500 2560; x_wconf 89' lang='lat' dir='ltr'><strong>iu</strong></span> <span class='ocrx_word' id='word_1_298' title='bbox 532 2521 645 2560; x_wconf 91' lang='lat' dir='ltr'><strong>Nicia</strong></span> <span class='ocrx_word' id='word_1_299' title='bbox 675 2535 714 2573; x_wconf 93' lang='lat' dir='ltr'><strong>p.</strong></span> <span class='ocrx_word' id='word_1_300' title='bbox 741 2525 834 2560; x_wconf 79' lang='lat'><strong>5:31.</strong></span> <span class='ocrx_word' id='word_1_301' title='bbox 856 2521 902 2559; x_wconf 89' lang='grc' dir='ltr'><strong>Β.</strong></span> <span class='ocrx_word' id='word_1_302' title='bbox 957 2520 1095 2572; x_wconf 90' lang='lat' dir='ltr'><strong>Neque</strong></span> <span class='ocrx_word' id='word_1_303' title='bbox 1121 2517 1329 2569; x_wconf 89' lang='lat' dir='ltr'><strong>cupiditati</strong></span> <span class='ocrx_word' id='word_1_304' title='bbox 1353 2523 1515 2554; x_wconf 87' lang='lat' dir='ltr'><strong>eventus</strong></span> 
     </span>
     <span class='ocr_line' id='line_1_37' title="bbox 55 2585 197 2624; baseline 0 0"><span class='ocrx_word' id='word_1_305' title='bbox 55 2585 197 2624; x_wconf 86' lang='lat' dir='ltr'><strong>defuit.</strong></span> 
     </span>
    </p>

    <p class='ocr_par' dir='ltr' id='par_1_6' title="bbox 53 2637 1517 3065">
     <span class='ocr_line' id='line_1_38' title="bbox 106 2637 1515 2698; baseline -0.007 -14"><span class='ocrx_word' id='word_1_306' title='bbox 106 2646 289 2698; x_wconf 86' lang='lat' dir='ltr'><strong>Egestani</strong></span> <span class='ocrx_word' id='word_1_307' title='bbox 311 2651 429 2697; x_wconf 90' lang='lat' dir='ltr'><strong>atque</strong></span> <span class='ocrx_word' id='word_1_308' title='bbox 448 2645 643 2690; x_wconf 83' lang='lat' dir='ltr'><strong>Leontini,</strong></span> <span class='ocrx_word' id='word_1_309' title='bbox 669 2644 706 2682; x_wconf 91' lang='lat' dir='ltr'><strong>hi</strong></span> <span class='ocrx_word' id='word_1_310' title='bbox 726 2657 749 2682; x_wconf 86' lang='lat' dir='ltr'><strong>a</strong></span> <span class='ocrx_word' id='word_1_311' title='bbox 764 2643 1025 2696; x_wconf 81' lang='lat' dir='ltr'><strong>Syracusanis,</strong></span> <span class='ocrx_word' id='word_1_312' title='bbox 1046 2642 1101 2680; x_wconf 92' lang='lat' dir='ltr'><strong>illi</strong></span> <span class='ocrx_word' id='word_1_313' title='bbox 1122 2655 1143 2679; x_wconf 86' lang='lat' dir='ltr'><strong>a</strong></span> <span class='ocrx_word' id='word_1_314' title='bbox 1165 2639 1391 2679; x_wconf 87' lang='lat' dir='ltr'><strong>Selinuntiis</strong></span> <span class='ocrx_word' id='word_1_315' title='bbox 1413 2637 1515 2675; x_wconf 92' lang='lat' dir='ltr'><strong>bello</strong></span> 
     </span>
     <span class='ocr_line' id='line_1_39' title="bbox 53 2700 1516 2760; baseline -0.008 -12"><span class='ocrx_word' id='word_1_316' title='bbox 53 2709 191 2760; x_wconf 89' lang='lat' dir='ltr'><strong>pressi,</strong></span> <span class='ocrx_word' id='word_1_317' title='bbox 213 2709 505 2747; x_wconf 88' lang='lat' dir='ltr'><strong>Atheniensium</strong></span> <span class='ocrx_word' id='word_1_318' title='bbox 535 2710 733 2760; x_wconf 87' lang='lat' dir='ltr'><strong>petierunt</strong></span> <span class='ocrx_word' id='word_1_319' title='bbox 758 2707 996 2751; x_wconf 85' lang='lat' dir='ltr'><strong>societatem,</strong></span> <span class='ocrx_word' id='word_1_320' title='bbox 1024 2706 1186 2754; x_wconf 88' lang='lat' dir='ltr'><strong>illosque</strong></span> <span class='ocrx_word' id='word_1_321' title='bbox 1215 2709 1253 2741; x_wconf 87' lang='lat' dir='ltr'><strong>et</strong></span> <span class='ocrx_word' id='word_1_322' title='bbox 1274 2700 1454 2754; x_wconf 85' lang='lat' dir='ltr'><strong>precibus</strong></span> <span class='ocrx_word' id='word_1_323' title='bbox 1476 2705 1516 2737; x_wconf 89' lang='lat' dir='ltr'><strong>et</strong></span> 
     </span>
     <span class='ocr_line' id='line_1_40' title="bbox 53 2768 1515 2821; baseline -0.008 -12"><span class='ocrx_word' id='word_1_324' title='bbox 53 2770 190 2809; x_wconf 82' lang='lat' dir='ltr'><strong>fraude</strong></span> <span class='ocrx_word' id='word_1_325' title='bbox 209 2770 257 2808; x_wconf 90' lang='lat' dir='ltr'><strong>ad</strong></span> <span class='ocrx_word' id='word_1_326' title='bbox 280 2783 393 2821; x_wconf 89' lang='lat' dir='ltr'><strong>opem</strong></span> <span class='ocrx_word' id='word_1_327' title='bbox 414 2770 487 2809; x_wconf 93' lang='lat' dir='ltr'><strong>sibi</strong></span> <span class='ocrx_word' id='word_1_328' title='bbox 510 2770 707 2809; x_wconf 87' lang='lat' dir='ltr'><strong>ferendam</strong></span> <span class='ocrx_word' id='word_1_329' title='bbox 726 2769 971 2808; x_wconf 81' lang='lat' dir='ltr'><strong>induxerunt.</strong></span> <span class='ocrx_word' id='word_1_330' title='bbox 1029 2768 1147 2811; x_wconf 86' lang='lat' dir='ltr'><strong>Quod</strong></span> <span class='ocrx_word' id='word_1_331' title='bbox 1169 2779 1255 2803; x_wconf 91' lang='lat' dir='ltr'><strong>cnm</strong></span> <span class='ocrx_word' id='word_1_332' title='bbox 1277 2776 1354 2801; x_wconf 91' lang='lat' dir='ltr'><strong>non</strong></span> <span class='ocrx_word' id='word_1_333' title='bbox 1375 2768 1515 2800; x_wconf 87' lang='lat' dir='ltr'><strong>temere</strong></span> 
     </span>
     <span class='ocr_line' id='line_1_41' title="bbox 55 2824 1517 2882; baseline -0.008 -11"><span class='ocrx_word' id='word_1_334' title='bbox 55 2831 344 2882; x_wconf 89' lang='lat' dir='ltr'><strong>suscipiendum</strong></span> <span class='ocrx_word' id='word_1_335' title='bbox 376 2846 461 2870; x_wconf 86' lang='lat' dir='ltr'><strong>esse</strong></span> <span class='ocrx_word' id='word_1_336' title='bbox 491 2832 665 2871; x_wconf 85' lang='lat' dir='ltr'><strong>viderent</strong></span> <span class='ocrx_word' id='word_1_337' title='bbox 691 2831 963 2877; x_wconf 89' lang='lat' dir='ltr'><strong>Athenienses,</strong></span> <span class='ocrx_word' id='word_1_338' title='bbox 991 2827 1251 2876; x_wconf 80' lang='lat' dir='ltr'><strong>Alcibiadem,</strong></span> <span class='ocrx_word' id='word_1_339' title='bbox 1285 2824 1440 2862; x_wconf 83' lang='lat' dir='ltr'><strong>Niciam</strong></span> <span class='ocrx_word' id='word_1_340' title='bbox 1477 2827 1517 2860; x_wconf 87' lang='lat' dir='ltr'><strong>et</strong></span> 
     </span>
     <span class='ocr_line' id='line_1_42' title="bbox 57 2884 1516 2941; baseline -0.008 -9"><span class='ocrx_word' id='word_1_341' title='bbox 57 2893 291 2932; x_wconf 88' lang='lat' dir='ltr'><strong>Lamachum</strong></span> <span class='ocrx_word' id='word_1_342' title='bbox 323 2906 490 2931; x_wconf 86' lang='lat' dir='ltr'><strong>summos</strong></span> <span class='ocrx_word' id='word_1_343' title='bbox 518 2894 639 2932; x_wconf 90' lang='lat' dir='ltr'><strong>duces</strong></span> <span class='ocrx_word' id='word_1_344' title='bbox 666 2893 780 2932; x_wconf 90' lang='lat' dir='ltr'><strong>classi</strong></span> <span class='ocrx_word' id='word_1_345' title='bbox 810 2893 985 2931; x_wconf 85' lang='lat' dir='ltr'><strong>maximae</strong></span> <span class='ocrx_word' id='word_1_346' title='bbox 1016 2887 1263 2941; x_wconf 86' lang='lat' dir='ltr'><strong>praeficiunt;</strong></span> <span class='ocrx_word' id='word_1_347' title='bbox 1294 2884 1516 2937; x_wconf 85' lang='lat' dir='ltr'><strong>pedestrem</strong></span> 
     </span>
     <span class='ocr_line' id='line_1_43' title="bbox 55 2945 1517 3006; baseline -0.008 -13"><span class='ocrx_word' id='word_1_348' title='bbox 55 2960 284 3006; x_wconf 88' lang='lat' dir='ltr'><strong>comparant</strong></span> <span class='ocrx_word' id='word_1_349' title='bbox 302 2955 528 3001; x_wconf 86' lang='lat' dir='ltr'><strong>exercitum,</strong></span> <span class='ocrx_word' id='word_1_350' title='bbox 556 2960 745 3006; x_wconf 85' lang='lat' dir='ltr'><strong>quantum</strong></span> <span class='ocrx_word' id='word_1_351' title='bbox 767 2966 964 3006; x_wconf 87' lang='lat' dir='ltr'><strong>nunquam</strong></span> <span class='ocrx_word' id='word_1_352' title='bbox 982 2952 1059 2990; x_wconf 88' lang='lat' dir='ltr'><strong>ulla</strong></span> <span class='ocrx_word' id='word_1_353' title='bbox 1076 2948 1245 2988; x_wconf 85' lang='lat' dir='ltr'><strong>Graeciae</strong></span> <span class='ocrx_word' id='word_1_354' title='bbox 1265 2946 1402 2985; x_wconf 90' lang='lat' dir='ltr'><strong>civitas</strong></span> <span class='ocrx_word' id='word_1_355' title='bbox 1422 2945 1517 2983; x_wconf 90' lang='lat' dir='ltr'><strong>emi-</strong></span> 
     </span>
     <span class='ocr_line' id='line_1_44' title="bbox 58 3006 1517 3065; baseline -0.007 -11"><span class='ocrx_word' id='word_1_356' title='bbox 58 3021 171 3054; x_wconf 81' lang='lat' dir='ltr'><strong>serat.</strong></span> <span class='ocrx_word' id='word_1_357' title='bbox 228 3016 286 3055; x_wconf 83' lang='lat' dir='ltr'><strong>Ac</strong></span> <span class='ocrx_word' id='word_1_358' title='bbox 306 3015 355 3054; x_wconf 93' lang='lat' dir='ltr'><strong>de</strong></span> <span class='ocrx_word' id='word_1_359' title='bbox 383 3016 504 3054; x_wconf 86' lang='lat' dir='ltr'><strong>classe</strong></span> <span class='ocrx_word' id='word_1_360' title='bbox 533 3016 689 3065; x_wconf 89' lang='lat' dir='ltr'><strong>quidem</strong></span> <span class='ocrx_word' id='word_1_361' title='bbox 719 3015 760 3054; x_wconf 91' lang='lat' dir='ltr'><strong>id</strong></span> <span class='ocrx_word' id='word_1_362' title='bbox 788 3015 867 3054; x_wconf 89' lang='lat' dir='ltr'><strong>fere</strong></span> <span class='ocrx_word' id='word_1_363' title='bbox 895 3016 996 3052; x_wconf 85' lang='lat' dir='ltr'><strong>inter</strong></span> <span class='ocrx_word' id='word_1_364' title='bbox 1021 3024 1154 3050; x_wconf 90' lang='lat' dir='ltr'><strong>omnes</strong></span> <span class='ocrx_word' id='word_1_365' title='bbox 1175 3009 1374 3053; x_wconf 86' lang='lat' dir='ltr'><strong>convenit,</strong></span> <span class='ocrx_word' id='word_1_366' title='bbox 1402 3006 1517 3045; x_wconf 82' lang='lat' dir='ltr'><strong>fuisse</strong></span> 
     </span>
    </p>

    <p class='ocr_par' dir='ltr' id='par_1_7' title="bbox 753 3079 826 3114">
     <span class='ocr_line' id='line_1_45' title="bbox 753 3079 826 3114; baseline 0.014 -1"><span class='ocrx_word' id='word_1_367' title='bbox 753 3079 779 3113; x_wconf 84' lang='lat'><strong>2</strong></span> <span class='ocrx_word' id='word_1_368' title='bbox 803 3087 826 3114; x_wconf 91' lang='lat' dir='ltr'><strong>c</strong></span> 
     </span>
    </p>
   </div>
  </div>
 </body>
</html>
