1878 3272
597 225 680 267 AD
714 220 1115 265 ANDOCIDEM.

163 339 194 372 6,
211 338 262 366 ¹26.
285 335 456 377 ὥσθ’ἱιμᾶς]
489 337 594 373 Verte,
612 346 639 367 so
651 346 692 367 as.
711 341 742 366 et
757 337 829 366 OEd.

118 379 154 409 Τ.
168 381 242 410 361.
257 379 311 420 οὐχ
322 381 398 410 ὥστε
412 379 442 418 γ’
455 381 553 410 εἰπεῖν.

165 425 197 457 6,
213 425 265 452 28.
281 423 415 452 Accent.
430 427 505 452 mut.
521 423 542 452 l.
557 419 614 462 ἆρά
629 431 661 460 γε
674 421 709 452 σὲ
724 438 767 445 —
781 432 832 451 are

120 475 178 505 you
202 464 272 496 then
294 465 343 495 the
357 475 459 504 person
475 464 542 505 they
558 475 608 495 are
623 465 833 505 waitingjbr?

110 507 235 548 fi·iends
251 508 321 538 such
333 518 364 538 as
377 519 435 548 you
450 518 502 537 are
516 515 564 538 ηοι
581 513 609 537 to
624 508 656 537 be
671 508 809 548 slighted.

165 549 238 591 [50]
256 553 286 586 6,
299 552 352 581 33.
375 550 414 592 If
430 560 470 580 we
489 551 607 581 succeed
628 552 661 580 in
683 561 738 581 our
757 551 831 590 plot.

120 593 193 623 vide
209 604 240 633 p.
258 595 310 629 15,
325 595 356 624 3.

163 637 198 671 7,
221 638 251 666 9.
283 635 347 672 An,
376 636 399 666 εἶ
423 635 522 670 νυκτὸς
550 635 695 675 enain-mu?
729 636 799 666 scil.
820 636 833 665 ὅ

124 679 321 716 σαλπιγκτής.
349 679 412 709 Sed
435 680 509 710 vide
533 680 680 720 Xenoph.
703 680 830 709 Hellen.

166 764 200 800 7,
216 765 269 794 13.
288 762 352 803 ἦγον
365 781 409 787 —
422 765 663 805 στεφανώσοντες.
691 767 774 805 Lege
788 782 830 788 —

118 816 232 841 σαντες.
244 807 324 837 Vide
336 807 440 846 Equit.
457 811 532 838 644.

163 850 196 885 7,
226 852 275 881 15.
309 851 458 889 πρυτάνεις
486 852 625 881 εἶσκάλει.

120 891 212 922 κάλει.
227 893 281 923 sed
296 893 436 928 alterum,
452 894 550 932 Vesp.
567 897 643 925 930.

163 937 258 971 7322.
267 936 445 975 Phj'niehus
456 936 468 965 ὁ
478 933 682 978 ὃξχησάμενος.
698 938 719 954 ‘¹
734 937 831 974 Phry-

117 976 238 1015 nichus,
275 978 411 1016 tragicus
447 978 607 1014 choreuta,
645 980 727 1016 apud
759 978 831 1008 Sch.

119 1020 204 1050 Nub.
226 1020 345 1051 1087.”
387 1020 515 1051 Sluiter.
545 1025 605 1051 Av.
626 1023 702 1051 750.
734 1021 831 1058 Vesp-

122 1065 219 1094 1293.
242 1065 352 1095 Nubes
368 1068 457 1100 actae,
474 1066 506 1094 8.
527 1074 596 1094 ann.
610 1068 679 1092 ante
696 1063 830 1093 Hermo-

116 1107 336 1145 cop.—-Senex
368 1107 485 1136 interea
509 1105 609 1136 factus
634 1106 755 1141 histrio,
781 1105 829 1135 vel

119 1154 193 1188 post
218 1150 410 1188 Hermocop.
437 1153 586 1179 mortuus.
621 1148 712 1188 (NB.
739 1148 828 1188 Apud

117 1191 206 1222 Suid.
221 1197 279 1222 ete.
297 1192 420 1233 (Bentl.
438 1191 560 1221 Phalar.
576 1201 608 1229 p.
619 1190 712 1232 260.)
728 1191 749 1220 f.
766 1191 828 1229 leg.

116 1233 172 1267 υἱός
202 1233 373 1270 Μελανθίου,
401 1244 462 1264 non
489 1233 662 1275 Μελάνθου.)
707 1234 828 1264 Deinde

115 1281 189 1317 post
203 1276 314 1315 ἀνεψιὸς
329 1278 419 1308 deest
434 1287 554 1307 nomen.

159 1322 193 1355 7,
210 1323 261 1352 39.
290 1321 306 1350 δ’
327 1331 357 1350 τι
377 1320 410 1350 ἂν
426 1320 472 1361 δὲῃ
487 1320 567 1360 lege.
592 1319 644 1350 Sic
669 1323 722 1356 11,
740 1321 792 1351 26.
808 1320 828 1350 l.

116 1362 246 1405 προσδέῃ,
262 1366 315 1399 12,
330 1365 382 1394 19.
397 1361 488 1404 ἐθέλῃ.

161 1408 192 1442 8,
208 1409 239 1437 8.
259 1406 303 1440 οὓς
323 1405 392 1440 εἰκὸς
415 1404 455 1436 ἓν.
479 1406 528 1435 An
549 1411 629 1435 vert.
653 1403 759 1435 Which
781 1404 829 1435 the

111 1449 211 1489 people
225 1450 323 1481 would
337 1449 493 1490 naturally
515 1447 600 1479 think
617 1454 645 1478 to
668 1447 739 1477 have
761 1449 829 1478 been

113 1492 293 1532 implicated.

161 1537 194 1572 8,
211 1539 263 1567 17.
285 1536 382 1576 Lege,
397 1535 452 1578 ἐμὲ
466 1535 526 1576 ’μὲν
541 1535 620 1576 λὸγον
632 1535 677 1566 δεῖ
688 1535 830 1566 δοῦναι-.

163 1578 237 1620 [51]
264 1582 296 1616 8,
320 1582 372 1610 29.
403 1580 503 1610 κακίαν
524 1579 591 1610 εῖναι
613 1581 656 1609 τιὶ
680 1578 830 1618 λεγόμενοι.

120 1621 192 1651 Non
207 1623 285 1652 male
302 1623 344 1653 R.
359 1624 400 1653 τὰ
412 1623 556 1662 γενόμενα.
581 1622 645 1651 Sed
662 1632 723 1652 vox
736 1622 830 1652 inter-

120 1663 237 1694 cidisse
252 1665 391 1696 videtur:
416 1664 496 1701 εἶναι,
508 1666 637 1704 μηνῦσαι
650 1666 691 1695 τὰ
704 1675 735 1702 γ.

165 1709 196 1743 8,
208 1710 261 1739 32.
277 1708 405 1749 περιιδεῖν
415 1708 621 1749 ἀπολλύμενον,
632 1712 666 1737 ut
678 1718 709 1747 p.
722 1709 754 1743 7,
765 1709 818 1738 42.

164 1753 197 1787 8,
209 1752 261 1781 35.
277 1750 382 1781 ἔδησεν.
405 1751 468 1781 Per
483 1761 516 1781 se
533 1753 662 1781 bonurn:
685 1760 773 1780 causa
783 1760 830 1779 ex-

119 1794 196 1824 stitit
210 1804 265 1823 cur
279 1795 473 1824 vincirentur.
498 1794 561 1823 Sed
577 1793 648 1823 vide
663 1793 714 1823 hio
726 1794 819 1832 p.84.

166 1838 197 1871 9,
212 1839 245 1867 3.
262 1837 357 1877 Lege,
374 1836 416 1866 δ’τι
433 1836 630 1874 εἶσηγῆσαιτο.

165 1881 198 1916 9,
209 1881 243 1910 9.
260 1879 405 1916 Hermes,
423 1880 501 1921 παρὰ
520 1881 569 1910 τὴν
584 1877 720 1918 πατρῴαν
736 1877 831 1914 οἰκίαν,

122 1920 150 1952 ὃν
165 1923 179 1954 ἡ
195 1922 294 1960 Αἰγηῖς
314 1922 449 1954 ἀνέθηκεν.
494 1922 557 1952 sed
571 1928 623 1952 aut
642 1921 832 1952 Pandionide

121 1970 175 1995 aut
189 1964 379 1996 Antiochida
397 1970 462 1996 erat
481 1965 674 1996 Andocides.
690 1964 832 2006 (Taylor.

123 2008 210 2038 Leot.
227 2009 300 2047 Lys.
316 2020 343 2039 o.
359 2019 388 2039 v.
399 2019 432 2048 p.
444 2009 519 2040 252.
533 2007 661 2048 Reisk.)
685 2011 715 2039 1.
731 2008 833 2045 Quum

121 2055 227 2081 essent
245 2053 303 2080 τῶν
322 2052 496 2091 εὐπατριδῶν
516 2050 687 2082 Andocidis
714 2051 834 2090 proavi,

119 2093 210 2123 facile
235 2098 399 2134 potuerunt
419 2095 511 2125 istius
532 2095 658 2124 Hermae
686 2104 769 2124 curae
796 2094 833 2123 ab

121 2136 222 2167 aliena
236 2136 319 2167 tribu
335 2138 472 2178 praeponi
483 2149 493 2176 3
515 2137 671 2167 autetiam
683 2137 834 2167 curatori·

122 2180 182 2210 bus
197 2180 333 2220 adjungi.
368 2183 400 2212 2.
417 2182 479 2211 Sua
493 2186 602 2220 sponte
620 2190 707 2210 sacra
722 2180 833 2210 fecisse

121 2222 284 2262 probabile
301 2227 360 2253 est.

171 2267 203 2301 9,
232 2267 282 2296 13.
325 2265 395 2296 δεινιὶ
432 2264 562 2297 {oraton-‘6'
590 2265 833 2301 Valckenaerius,

124 2307 228 2337 forsan
259 2310 355 2339 reo'te.
387 2309 637 2350 indignabantur.
685 2309 747 2338 Sed
774 2319 833 2338 non

124 2360 253 2390 prorsus
277 2350 445 2390 rejicienda
459 2353 595 2391 vulgata.
608 2351 835 2381 tumultuaban-

127 2399 189 2423 tur.
204 2392 282 2424 δεινὲν
294 2395 343 2423 vel
355 2393 425 2424 δεινὰ
439 2393 593 2432 ποιεῖσθαι,
603 2398 663 2430 esi,
674 2403 728 2433 pro
741 2404 774 2423 ‘re
788 2394 835 2423 in-

127 2437 222 2477 digna
237 2436 351 2472 habere,
366 2447 425 2466 uno
442 2438 552 2473 verbo,
570 2438 736 2477 indignari.
756 2435 837 2466 δεινὲν

127 2479 214 2509 ποιεῖν
238 2485 287 2509 est
305 2481 499 2510 tumultuari.
544 2479 640 2514 Illud,
668 2480 839 2518 ἀγανακτεῖν

128 2521 178 2552 vel
202 2520 371 2562 ὀργίζεσθαι,
393 2523 464 2561 hoc,
478 2521 675 2563 χαλεπαίνειν.
719 2522 780 2551 Sed
805 2527 839 2552 ut

128 2565 301 2602 ἀγανακτεῖν
318 2565 470 2596 interdum
487 2566 568 2595 valet
590 2563 771 2607 χαλεπαίνειν
789 2564 838 2606 (ν.

129 2618 158 2638 c.
174 2607 204 2637 in
221 2608 315 2647 Lysia
335 2619 365 2647 p.
383 2611 456 2639 898.
480 2609 528 2638 ed.
553 2607 692 2647 Reisk.),
710 2608 752 2637 ita
764 2612 839 2646 puto

130 2660 198 2680 esse
213 2651 265 2680 ubi
281 2656 456 2690 permutare
471 2651 591 2691 possint
608 2652 633 2681 δ.
650 2650 796 2682 ποιεῖσθαι
809 2655 840 2681 et

683 850 830 881 Usitatior

72 2698 74 2700 ’
130 2694 227 2722 ποιεῖν.

177 2737 206 2770 9,
231 2737 281 2766 16.
305 2736 502 2777 χαλεπώτεξοί
523 2748 566 2766 σοι
595 2735 729 2778 [ἐχθροὶ]
759 2736 842 2775 ἧμεῖς

131 2775 274 2817 ἐσόμεθα,
289 2777 303 2808 ἢ
319 2778 402 2808 ἄλλοι
415 2779 488 2813 τινὲς
501 2779 535 2809 δι’
548 2781 626 2819 ἡμᾶς
639 2778 725 2819 φίλοι.
768 2780 792 2810 F
794 2790 841 2808 or-

133 2829 186 2849 san
210 2819 364 2851 inserend.
386 2821 526 2862 ὢφὲλιμοι
548 2827 617 2852 ante
638 2822 724 2860 φίλοι.
749 2839 792 2844 --
809 2820 845 2851 δι’

134 2863 224 2901 ἦμές,
247 2862 308 2892 i.e.
330 2863 376 2894 διὰ.
395 2864 430 2893 τὸ
457 2866 525 2906 ἦμῖν
546 2863 781 2906 ἀπεχθάνεσθαι,
809 2868 843 2894 ut

133 2910 216 2934 recte
234 2905 345 2936 Luzao.

177 2950 209 2983 9,
225 2949 280 2978 20.
298 2948 472 2988 Distingue,
492 2950 651 2989 πρυτάνεις,
666 2948 722 2979 ὅθεν
737 2949 761 2980 ὃ.
775 2949 844 2990 they

133 2990 223 3020 seized
239 2990 286 3021 the
300 2998 428 3022 servants
449 2991 485 3032 qs
503 2993 550 3022 the
567 2992 652 3023 house
668 2992 761 3022 where
774 2992 843 3031 they

132 3032 191 3063 had
206 3039 272 3064 met.

1512 217 1586 259 lvii

911 335 942 369 9,
959 336 1011 364 30.
1051 331 1100 372 ὑφ’
1117 333 1194 373 ὑμῖν
1221 331 1245 362 ἐ.
1271 330 1422 362 Priscian.
1449 332 1502 361 18.
1525 330 1580 360 sol.

867 378 943 406 ⁶232.
961 379 992 406 6.
1009 379 1039 407 5.
1053 377 1129 406 Ald.
1143 376 1192 417 (p.
1212 378 1307 406 1182.
1325 376 1377 405 38.
1395 372 1452 413 Ρ.)

910 421 941 454 9,
959 421 1012 450 32.
1035 417 1142 449 πίστιν
1159 422 1216 449 τῶν
1235 418 1261 448 ἐν
1277 418 1433 458 ἀνθρώποις
1448 417 1576 446 ἀπιστο-

865 461 971 501 τάτην]
997 462 1160 492 Haerebam
1178 463 1208 491 in
1225 462 1441 499 ἀπιστοτάτην,
1455 465 1486 489 et
1504 469 1577 488 con-

860 505 1006 542 jiciebam
1018 505 1220 535 ἀνοσιωτάτην.
1243 506 1304 535 Sed
1314 506 1344 534 id
1357 504 1458 542 ipsum
1471 501 1576 532 dicere

866 547 988 577 videtur
1010 548 1152 586 vulga1a3
1181 553 1214 577 ut
1238 549 1334 587 γάμος
1359 547 1487 586 ἄγαμος,
1514 548 1575 574 etc.

865 591 947 629 apud
973 591 1106 628 tragicos
1126 591 1253 630 passim.
1278 592 1303 621 A
1320 591 1395 620 hond
1416 588 1577 619 subversive

864 632 951 673 ofall
966 633 1063 663 bonds.
1091 634 1126 663 In
1139 633 1291 663 Pausania
1305 634 1359 664 lib.
1375 645 1405 663 v.
1420 644 1447 662 c.
1463 635 1494 663 2.
1507 630 1576 660 ἄλο·

865 687 908 714 γοι
929 675 1006 713 λόγοι
1026 686 1042 706 e
1063 687 1122 706 ms.
1148 677 1319 706 Scbaeferns
1339 677 1376 706 ad
1397 675 1528 714 Dionys.
1545 683 1577 712 p.

866 721 940 749 180.
956 719 1011 749 “i·
1023 730 1050 749 e.
1066 718 1202 753 εἰνίθεις.Η
1218 719 1328 753 πίστις.
1343 731 1361 749 a
1374 719 1488 756 pledge.
1501 717 1577 754 LyS.

865 772 897 800 p.
910 764 984 798 127,
1001 764 1051 792 18.
1068 764 1141 797 151,
1159 764 1188 791 8.
1206 763 1282 801 172,
1301 762 1352 790 23.
1378 761 1500 798 Nempe
1516 760 1576 789 hoo

864 806 952 844 quasi
973 810 1163 835 sacramento
1182 814 1252 833 sese
1272 804 1311 833 ad
1330 803 1469 842 rempub.
1486 812 1576 832 ever-

864 848 988 877 tendam
1012 858 1045 877 se
1066 847 1310 886 obstringebant.
1325 850 1346 864 “
1359 856 1419 885 quo
1439 845 1517 875 inter
1541 855 1574 874 se

864 890 916 920 fidi
933 890 1031 929 magis
1047 890 1158 925 forent,
1172 890 1241 920 aliis
1263 889 1317 919 alii
1339 887 1415 918 tanti
1430 888 1574 918 facinoris

865 932 1018 963 conseii.’'
1033 933 1158 963 Sallust.
1175 934 1244 962 Cat.
1259 935 1312 963 22.
1333 930 1574 970 Elegantissime

867 976 977 1014 Lysias
992 986 1019 1005 c.
1036 976 1193 1006 Eratoslh.
1209 975 1431 1010 XXXvirum,
1448 985 1481 1015 p.
1500 976 1576 1009 122,

865 1020 917 1048 52.
934 1018 963 1047 οὐ
985 1019 1039 1057 γὰς
1059 1019 1089 1049 δὴ
1105 1029 1159 1048 που
1180 1017 1207 1048 ἒν
1231 1019 1292 1052 τοῖς
1310 1017 1454 1056 μετοίκοις
1474 1016 1576 1047 πίστιν

865 1058 942 1100 παρ’
967 1061 1054 1090 αὐτοῦ
1091 1060 1266 1101 ἐλάμβανον.
1297 1060 1429 1101 (Critias
1465 1060 1577 1089 Xeno-

865 1103 989 1141 phontis
1013 1103 1138 1134 Hellen.
1155 1107 1207 1133 11.
1223 1107 1256 1134 4.
1278 1105 1308 1135 9.
1333 1101 1578 1142 καταψηφιστέον

864 1143 955 1181 ἐστὶν,
977 1145 1020 1175 ἵνα
1042 1146 1140 1177 ταῦτὰ
1163 1147 1230 1185 ἡμῖν
1243 1146 1292 1175 καὶ
1313 1145 1436 1187 θαρρῆτε
1457 1145 1505 1174 καὶ
1525 1151 1576 1185 φο-

863 1186 981 1228 eires).
997 1189 1240 1228 Thucyd.vlll.
1251 1191 1346 1228 73.p.
1359 1191 1434 1224 237,
1444 1189 1475 1219 5.
1489 1188 1578 1218 Bek-

865 1231 931 1260 ker.
973 1232 1046 1262 Non
1074 1242 1202 1271 prorsus
1236 1232 1343 1262 eadem
1380 1231 1576 1270 significatio,

865 1273 965 1304 Isoor.
986 1274 1026 1304 de
1046 1274 1137 1313 Bigis
1153 1275 1205 1305 50.
1217 1285 1275 1304 non
1289 1275 1423 1304 idoneam
1436 1279 1576 1312 putantes

864 1315 976 1353 πίστιν,
992 1319 1017 1347 si
1036 1319 1116 1347 muri
1138 1317 1319 1348 delerentur.
1351 1318 1418 1347 Nos
1437 1317 1576 1356 seem-ily.

862 1359 979 1389 idcirco
993 1358 1103 1395 Εὀυλῆν,
1117 1360 1171 1390 lin.
1187 1363 1220 1391 5.

907 1401 982 1443 [52]
997 1406 1048 1439 10,
1059 1406 1090 1434 6.
1098 1403 1110 1432 ὁ
1119 1402 1175 1443 μὲν
1186 1405 1241 1444 γὰρ
1249 1421 1292 1428 —-·
1304 1402 1495 1436 1sotimides.
1506 1402 1577 1433 Ine-

862 1445 922 1485 ptit
939 1446 1049 1478 Reisk.

907 1493 960 1526 10,
972 1493 1024 1520 10.
1038 1490 1107 1530 ὑπὲξ
1123 1493 1179 1520 τῶν
1188 1489 1310 1532 ἐχθρῶν.
1326 1489 1399 1519 vide
1411 1500 1444 1529 p.
1457 1491 1510 1524 12,
1522 1491 1575 1520 27.

865 1537 926 1564 eto.
942 1543 1040 1572 usque
1054 1534 1092 1563 ad
1110 1535 1163 1570 13,
1178 1536 1231 1564 30.

909 1578 962 1613 10,
978 1579 1031 1607 11.
1051 1578 1079 1606 αἱ
1096 1578 1152 1610 νῆες
1166 1575 1371 1616 διεφθάρησαν.
1386 1575 1573 1615 AEgospota-

866 1619 942 1649 mis:
967 1620 1040 1650 vide
1053 1631 1083 1660 p.
1101 1622 1153 1655 18,
1164 1622 1218 1652 33.
1234 1621 1288 1654 26,
1302 1622 1332 1650 8.

913 1665 965 1699 10,
982 1664 1033 1693 15.
1047 1661 1157 1697 εὐθύνας
1173 1663 1302 1703 ὤφειλον]
1318 1661 1369 1691 An
1386 1659 1499 1700 οῒφλονὲ
1526 1665 1578 1691 aut

867 1705 1060 1741 vertendum,
1077 1705 1177 1744 quasi,
1193 1706 1219 1735 οἳ
1234 1704 1373 1736 ὑπεύθυνοι
1385 1702 1470 1735 ἦσαν.
1498 1705 1577 1735 Sim·

867 1748 978 1789 plicius
995 1748 1112 1784 delere,
1129 1754 1162 1778 ut
1179 1749 1274 1786 gloss.

911 1793 964 1826 10,
990 1793 1041 1822 17.
1070 1792 1142 1821 Ald.
1177 1790 1363 1829 ἐγγυήσαντο.
1393 1800 1443 1825 an,
1471 1789 1577 1828 ἑνεγυῆ-

867 1835 975 1864 σαντοὲ
1003 1835 1095 1864 Verte
1110 1838 1223 1870 autem,
1248 1834 1309 1864 who
1329 1843 1402 1864 were
1421 1833 1489 1864 bail-
1506 1833 1578 1863 vide

866 1888 898 1917 p.
914 1879 947 1913 7,
961 1879 991 1908 5.

911 1923 965 1956 10,
987 1922 1039 1950 21.
1062 1920 1213 1958 Malim&
1237 1918 1404 1959 λιποταξίου
1431 1918 1445 1951 ἢ
1466 1936 1520 1954 —-‚
1535 1919 1582 1949 sic.

867 1973 940 1993 mox
955 1962 1138 2005 ἂναυμαχίου
1153 1964 1263 2003 partim
1280 1974 1297 1993 e
1309 1974 1366 1993 ωε.
1382 1973 1451 1993 cum
1464 1962 1492 1991 V
1495 1962 1576 1992 alck.

913 2010 965 2043 10,
974 2009 1024 2037 23.
1037 2005 1254 2044 ψευδοκλησίας.
1268 2006 1391 2036 Addere
1401 2005 1512 2044 potuit,
1522 2005 1582 2046 τρῖς

869 2049 1038 2090 παρανόμων
1051 2050 1196 2090 (Antiph.
1219 2050 1334 2080 Athen.
1356 2049 1402 2079 X.
1417 2050 1494 2080 451.
1510 2047 1581 2089 A.),

869 2099 901 2123 et
915 2094 1016 2123 forsan
1030 2094 1160 2123 addidit.

914 2139 967 2172 10,
993 2138 1045 2166 26.
1087 2135 1238 2176 ἐπέμειναν
1269 2134 1316 2166 ἐπὶ
1345 2136 1399 2164 τῶν
1438 2133 1582 2174 τυράννων.

868 2179 931 2209 Sed
960 2179 1069 2218 quibus
1095 2179 1253 2219 tyrannis?
1307 2177 1502 2216 Cogitabam,
1530 2178 1587 2206 τᾶν

867 2220 1068 2262 τετρακοσίων.
1107 2223 1179 2252 vide
1205 2233 1237 2261 p.
1258 2223 1311 2257 40,
1333 2223 1386 2250 41.
1415 2220 1470 2249 sed
1492 2220 1531 2249 ob
1553 2230 1586 2259 p.

870 2268 963 2300 11‚1.
1034 2286 1042 2294 .
1056 2265 1175 2295 dubito.
1198 2264 1249 2295 An
1265 2264 1311 2293 illi
1328 2272 1455 2302 quorum
1467 2262 1584 2292 avisub

870 2307 1077 2338 Pisistratidis
1102 2306 1288 2337 militarant?
1333 2305 1497 2343 Aristoph.
1524 2306 1583 2343 Eq.

869 2352 944 2381 446.
989 2351 1100 2390 Lysias
1116 2361 1142 2380 c.
1156 2349 1293 2380 Evandr.
1306 2359 1337 2387 p.
1352 2350 1427 2384 177,
1443 2350 1496 2378 23.

915 2396 967 2429 10,
983 2395 1035 2422 27.
1069 2392 1175 2423 τούτων
1196 2394 1250 2431 γᾶς
1276 2389 1348 2421 ’ἦσαν
1369 2389 1442 2421 οὗτοι
1470 2390 1583 2429 ἄτιμοι.

870 2436 945 2465 Scil.
959 2437 1010 2466 τοῦ
1026 2436 1122 2466 εἶωεῖν
1136 2436 1183 2465 καὶ
1197 2435 1359 2469 βουλεῦσαι.
1404 2433 1465 2463 Sed
1480 2434 1585 2463 nescio

871 2489 909 2508 an
922 2479 1066 2510 delenda.

915 2520 988 2563 [53]
1015 2524 1068 2562 10,
1084 2523 1137 2552 36.
1170 2521 1258 2554 εἴτις
1276 2521 1319 2560 μὴ
1343 2519 1494 2560 ἐξεγράφη.
1537 2519 1585 2548 An

873 2574 981 2604 sensus
1008 2570 1068 2602 est,
1091 2565 1131 2595 ad
1155 2570 1305 2603 practoras
1329 2569 1383 2593 etc.
1408 2563 1511 2597 delati,
1537 2561 1586 2590 sed

873 2608 1004 2637 nondum
1034 2609 1067 2638 in
1093 2608 1208 2637 aerariis
1238 2606 1384 2645 inscripti.
1434 2606 1588 2643 Compara

873 2650 976 2679 locum
995 2650 1033 2679 de
1054 2650 1228 2690 στρατηγοῖς
1248 2649 1421 2687 catalogum
1438 2648 1494 2677 τῶν
1513 2646 1588 2686 ὄφει-

874 2692 977 2723 λόντων
1007 2693 1201 2723 tradentibus
1234 2692 1294 2725 τοῖς
1325 2690 1459 2730 ταμίαις,
1484 2689 1588 2728 Lysiae

875 2741 953 2765 orat.
980 2735 1045 2766 IX.
1070 2736 1108 2765 de
1132 2735 1230 2765 milite
1253 2734 1377 2774 passim.
1421 2734 1511 2768 Tum,
1536 2731 1590 2761 ὑπὸ

875 2778 932 2808 τῶν
955 2777 1064 2810 εὐθυνῶν
1081 2777 1130 2807 καὶ
1146 2789 1177 2808 τ.
1193 2788 1228 2807 π.
1253 2781 1282 2807 1.
1298 2775 1430 2815 pecnnia
1454 2774 1590 2804 damnati

876 2821 959 2860 apud
989 2821 1152 2861 euthynos.
1190 2823 1221 2851 2.
1246 2820 1392 2857 majorum
1430 2818 1591 2848 criminum

877 2864 1011 2894 accusati
1026 2868 1057 2893 et
1072 2863 1228 2894 deferendi
1245 2862 1299 2902 (ab
1317 2861 1476 2902 euthynis)
1491 2861 1591 2900 adju·

877 2907 973 2937 dices.
1004 2909 1036 2938 3.
1053 2917 1070 2936 a
1082 2906 1239 2945 judicibus
1251 2904 1384 2934 damnati
1402 2914 1461 2934 nou
1477 2914 1593 2933 memo-

876 2956 992 2986 rantur,
1006 2949 1149 2988 quiajam
1166 2948 1267 2986 ἄτιμοι
1283 2947 1330 2977 vel
1347 2946 1509 2986 ὀφείλοντες.
1528 2946 1592 2983 Qu.

878 2998 979 3023 autem
996 3002 1032 3021 an
1050 2993 1156 3029 verba,
1177 2989 1233 3020 ἴσοι
1255 2990 1356 3030 ἄτιμοι
1380 2988 1451 3020 ἦσαν
1465 2990 1486 3020 οἳ
1503 2988 1592 3028 ὅφείλ.

877 3035 1010 3065 delenda
1024 3034 1093 3064 sint.
1138 3033 1289 3064 Minime:
1313 3033 1384 3065 vide
1399 3033 1448 3064 hic
1462 3043 1491 3071 p.
1504 3034 1559 3061 60.

880 3088 889 3106 ι
