1878 3272
316 223 399 264 DE
432 219 828 263 ANTIPHONTE
862 218 1038 261 ORAT.
1072 203 1308 258 ATTICO.
1499 217 1547 256 17

89 333 259 371 ιὶναίτιον
283 329 587 380 καταλαβόντας,
606 329 672 367 τὸν
691 327 812 367 α’ἰτιον
839 329 1003 379 α’φεῖναι,
1024 325 1136 364 affert
1170 324 1308 364 Suidas
1327 336 1365 361 v.
1385 324 1550 360 καταλα-

88 392 189 442 βεῖν,
205 393 272 444 qui
291 393 381 432 hinc
397 390 664 442 corrigendus,
695 389 753 427 Ex
767 389 837 427 Or.
851 389 901 427 X.
915 402 956 439 p.
971 392 1062 433 125,
1077 391 1142 426 25.
1157 399 1292 425 vocem
1312 384 1470 436 ‘ynpatbg
1485 396 1551 421 ex-

90 455 236 507 cerpsit
255 455 394 493 Pollux
409 454 463 491 IL
477 457 541 492 13.
573 453 631 490 Ex
651 452 787 491 eadem
807 451 920 489 Orat.
944 451 998 488 ib.
1017 454 1082 489 33.
1103 449 1206 487 idem
1222 447 1334 485 V111.
1350 451 1417 484 21.
1434 444 1552 483 habet

89 531 225 556 vocem
251 518 446 568 ἐπιτίμιον.
502 515 794 553 Nobilissimam
827 512 1055 550 Orationem
1080 511 1142 549 De
1171 510 1281 548 caede
1302 507 1471 547 Herodis
1491 506 1552 544 bis

91 579 315 618 nominatim
335 578 429 617 citat
449 576 735 627 Harpocration
764 590 798 614 v.
828 576 1071 619 Διετείνοντο,
1091 582 1131 611 et
1152 587 1188 611 v.
1207 571 1378 623 Φροῦδος.
1435 570 1551 608 Uter-

93 655 171 692 que
185 642 294 679 locus
309 645 435 678 exstat
446 643 664 691 p.134‚41.
679 644 716 676 et
732 642 822 683 132,
837 651 928 688 pen.
954 637 1012 674 Ex
1025 635 1158 674 eadem
1174 636 1363 680 oratione,
1377 632 1554 684 quamvis

93 702 196 741 haud
217 702 426 749 nominata,
448 702 586 740 Pollux
607 701 682 739 III.
699 705 791 740 138.
812 699 1005 750 excerpsit
1026 711 1162 736 vocem
1183 697 1362 742 αἱτίασις,
1385 708 1474 745 quae
1495 699 1556 731 est

91 767 315 815 p.132,24.
335 769 375 802 et
395 764 470 802 IX.
485 767 549 802 13.
564 764 726 801 verbum
746 764 983 814 χωροφιλεῖν,
1006 759 1111 810 quod
1132 756 1305 796 occurrit
1325 769 1364 807 p.
1382 759 1472 800 138,
1489 758 1555 794 27.

95 825 326 864 Orationem
341 826 401 864 De
412 826 609 864 Choreuta
626 824 760 863 laudat
775 823 1063 874 Harpocration
1076 835 1111 860 v.
1127 820 1373 862 Διδάσκαλος.
1407 817 1554 861 Locus,

91 900 207 938 quem
223 887 314 926 inde
329 887 454 934 affert,
469 893 595 926 exstat
610 900 649 938 p.
663 891 756 931 142,
773 890 839 936 31.
869 884 945 923 Sed
962 885 1064 922 idem
1080 897 1127 921 ex
1143 881 1280 920 eadem
1292 879 1482 919 Oratione
1499 878 1555 916 ci-

92 955 150 987 tat
169 949 360 997 Διϊπόλια,
383 964 473 1001 quae
494 950 548 988 ibi
570 963 647 987 non
669 954 911 999 comparent.
955 946 1123 984 Videtur
1143 957 1235 995 ergo
1249 940 1559 994 Harpocration.

93 1011 276 1049 memoria
290 1011 436 1062 lapsus,
451 1010 682 1050 Orationem
700 1010 761 1047 De
778 1010 977 1048 Choreuta
997 1021 1069 1059 pro
1088 1006 1239 1058 quinta,
1254 1006 1293 1043 in
1315 1016 1393 1055 qua
1411 1016 1451 1054 p.
1465 1005 1557 1046 120,

96 1077 161 1111 10.
181 1074 359 1112 Δι’ίπόλια
377 1079 602 1120 occurrunt,
623 1072 817 1111 laudasse.
859 1072 933 1109 Eat
948 1083 1051 1109 nunc
1071 1069 1233 1116 [onsius,
1249 1074 1288 1106 et
1305 1064 1454 1117 spurias
1475 1064 1558 1101 ine-

94 1139 264 1185 ptasque
283 1133 440 1183 judicet
459 1134 681 1180 Orationes,
703 1147 800 1184 quas
820 1133 895 1184 ipsi
917 1132 1069 1183 antiqui
1092 1128 1367 1174 Grammatici,
1390 1137 1559 1178 quorum

95 1200 272 1246 spectata
305 1203 366 1233 est
391 1196 571 1242 eruditio,
606 1195 912 1246 Harpocration,
944 1194 1098 1238 Pollux,
1130 1191 1370 1235 Ammonius,
1398 1187 1557 1232 Suidas‚

96 1270 173 1294 non
193 1255 311 1294 modo
329 1261 372 1294 ut
391 1258 579 1307 genuinas
594 1258 826 1307 probarunt,
841 1269 972 1294 verum
994 1255 1109 1293 etiam
1131 1260 1318 1304 tanquam
1335 1250 1457 1290 Attici
1480 1262 1559 1289 ser-

96 1317 222 1357 monis
259 1331 435 1356 normam
473 1318 752 1356 adhibuerunt.
824 1317 922 1355 Haec
962 1317 1159 1356 sufficiant
1197 1315 1245 1353 ad
1285 1311 1560 1361 vindicandam

97 1381 328 1431 γνησιότητα
341 1380 573 1418 Orationum
590 1379 639 1418 de
658 1380 783 1424 caede,
799 1379 860 1417 vel
876 1382 1003 1428 λόγων
1024 1385 1198 1431 φονικῶν,
1213 1389 1309 1428 quas
1331 1375 1441 1413 nobis
1458 1373 1560 1412 solas

98 1442 271 1493 reliquas
292 1441 388 1481 fecit
410 1441 596 1493 temporis
618 1441 773 1491 injuria.

153 1505 261 1544 Inter
286 1503 504 1542 Orationes·
527 1503 771 1555 deperditas,
806 1509 903 1541 teste
935 1501 1336 1546 Pseudo-Plutarcho,
1366 1511 1448 1550 prae
1479 1495 1562 1536 aliis

97 1566 254 1606 laudem
282 1565 372 1605 tulit
394 1568 414 1605 ὁ
435 1566 527 1616 πρὸς
551 1567 847 1618 Ἐρασίστρατον
874 1567 955 1618 περὶ
980 1563 1089 1602 ΤΩΝ
1118 1562 1288 1602 ῙΔΕΩΝ.
1345 1562 1456 1598 Bona
1482 1557 1561 1596 fide

101 1629 280 1674 vertitur,
314 1627 360 1667 de
384 1628 596 1680 generibus
623 1628 683 1666 vel
700 1627 848 1679 formis
875 1625 1044 1666 dicendi.
1100 1625 1324 1663 Ridiculum
1354 1636 1445 1661 sane
1474 1634 1562 1659 ora-

102 1691 218 1730 tionis
251 1696 534 1742 argumentum,
572 1690 685 1742 quale
718 1702 767 1728 ne
798 1689 955 1740 ineptus
988 1687 1147 1738 quidem
1180 1686 1403 1738 posterioris
1434 1682 1562 1721 aetatis

103 1752 286 1803 Sophista
315 1752 365 1790 ad
402 1753 594 1802 populum
633 1751 827 1802 explicare
867 1750 1126 1788 sustinuisset.
1190 1748 1300 1787 Vidit
1333 1745 1562 1791 absurdum,

102 1813 212 1865 quod
239 1813 280 1852 in
305 1813 380 1852 hoc
409 1813 524 1851 titulo
551 1819 625 1861 est,
652 1815 707 1863 (et
740 1813 828 1863 quis
858 1825 935 1850 non
968 1811 1099 1850 videat
1112 1811 1144 1860 ἲ)
1178 1811 1237 1848 Io.
1269 1811 1349 1848 Iac.
1378 1807 1561 1847 Reiskius

100 1874 310 1914 Animadv.
329 1874 369 1913 in
395 1875 594 1914 Plutarch.
615 1889 655 1927 p.
676 1879 769 1914 490.
827 1875 986 1920 Verum,
1012 1881 1057 1912 ut
1076 1879 1134 1912 est
1154 1872 1441 1911 infelicissimus
1468 1883 1563 1908 con-

97 1937 245 1989 jector,
278 1937 343 1976 hic
372 1950 546 1988 quoque,
575 1939 656 1989 περὶ
688 1944 761 1977 τῶν
789 1937 940 1982 ἐλαιῶν,
970 1935 1017 1975 de
1044 1936 1149 1982 oleis,
1179 1936 1327 1986 legens,
1355 1932 1563 1972 aberravit.

102 1999 219 2047 Vide,
245 2004 394 2050 quanto
417 1998 569 2038 felicius
589 1998 874 2038 celeberrimus
901 1997 1158 2036 Ruhnkeuius
1185 1996 1412 2042 restituerit,
1433 1996 1453 2033 ὁ
1472 1995 1565 2047 πρὸς

99 2063 395 2114 Ἐρασίστρατον
416 2063 500 2113 περὶ
516 2061 622 2100 ΤΩΝ
642 2060 803 2108 ΤΑΩΝ,
830 2061 957 2099 oratio
982 2059 1168 2099 adversus
1200 2060 1491 2098 Erasistratum
1519 2057 1567 2097 de

105 2122 349 2162 Pavom'bus.
386 2122 653 2175 Subjiciamus
667 2128 839 2161 veterum
861 2121 1093 2174 scriptorum
1112 2122 1213 2167 loca,
1232 2134 1321 2171 quae
1339 2120 1566 2171 palmariam

105 2184 418 2224 emendationem
438 2185 542 2223 omni
567 2185 689 2224 dubio
708 2185 888 2223 liberent.
947 2183 1161 2222 Athenaeus
1183 2182 1277 2220 XII.
1298 2195 1337 2232 p.
1359 2185 1451 2222 397.
1480 2183 1568 2220 Ἀν-

104 2252 257 2300 τιφῶντι
288 2246 329 2284 δὲ
358 2250 408 2299 τῷ
440 2247 561 2297 ῥήτορι
589 2248 705 2295 λόγος
737 2245 807 2297 μὲν
839 2247 1066 2296 γέγραπται,
1100 2243 1198 2297 ’έχων
1228 2243 1455 2296 ἐπίγραμμα
1484 2247 1568 2296 περὶ

105 2307 233 2347 Ταῶν.
254 2307 323 2346 ubi
343 2308 456 2359 plura
475 2308 608 2347 laudat
626 2322 673 2346 ex
694 2308 767 2346 hac
788 2306 975 2345 oratione..
1034 2306 1206 2344 AElianus
1227 2305 1378 2343 Histor.
1396 2306 1566 2346 Animal.

105 2371 157 2410 V.
173 2373 239 2409 21.
260 2371 439 2422 ἐτιμῶντο
459 2369 496 2409 δὲ
515 2371 580 2409 τὸν
599 2371 732 2422 (ταῶν)
749 2370 901 2421 οἰῤῥένα,
917 2371 977 2406 καὶ
996 2369 1062 2408 τὸν
1080 2367 1201 2414 θῆλυν
1221 2367 1400 2420 δραχμῶν
1415 2371 1566 2422 χιλίων,

105 2435 156 2476 ὡς
175 2433 359 2486 Ἀντιφῶν
387 2432 428 2470 ἐν
446 2435 497 2485 τῷ
522 2432 616 2484 πρὸς
643 2432 939 2484 Ἐρασίστρατον
958 2432 1063 2483 λόγῳ
1092 2434 1197 2483 φησί.
1253 2429 1566 2480 Harpocration:

106 2494 375 2547 Εὒοφθάλμως,
395 2495 478 2533 ἀντὶ
495 2500 574 2541 τοῦ,
591 2496 791 2545 εὖπρεπῶς.
827 2494 1014 2545 Ἀντιφῶν
1026 2493 1066 2531 ἐν
1086 2496 1135 2545 τῷ
1154 2494 1238 2543 περὶ
1255 2491 1426 2531 Ταόνων.
1458 2493 1567 2532 Idem

107 2555 223 2594 alibi:
253 2555 519 2608 Πυριλαμπὴς.
542 2555 731 2608 Ἀντιφῶν
753 2556 793 2594 ἓν
816 2558 866 2607 τῷ
891 2557 975 2605 περὶ
993 2562 1067 2594 τῶν
1085 2554 1212 2592 Ταῶν.
1271 2554 1497 2593 Eustathius
1518 2556 1569 2595 ad

86 2616 223 2676 ⁴Iliad.
254 2617 301 2655 B.
330 2631 370 2668 p.
392 2621 482 2656 346.
513 2618 765 2664 Athenaeum,
794 2623 837 2656 ut
863 2617 976 2664 solet,
1007 2616 1260 2655 describens:
1290 2617 1474 2668 Ἀντιφῶν
1499 2617 1569 2669 μὲν

110 2680 200 2730 γὰρ,
228 2680 358 2730 φασὶν,
386 2679 406 2716 ὁ
434 2679 555 2732 ῥήτωρ
583 2678 827 2727 δισυλλάβως
852 2681 980 2725 κλίνει,
1009 2679 1129 2727 λόγον
1159 2678 1325 2728 γράψας,
1348 2678 1571 2730 ἐπίγραμμα

109 2737 251 2793 ἔχοντα
265 2742 347 2792 περὶ
357 2740 486 2780 Ταῶν.
543 2741 659 2780 Forte
674 2741 787 2779 hicce
805 2740 1058 2791 Antiphontis
1073 2740 1179 2777 Pavo
1199 2739 1445 2777 occasionem
1462 2739 1571 2779 dedit
1641 2734 1646 2739 ’

110 2800 288 2851 Luperco
303 2802 477 2854 Beryfio,
500 2803 784 2849 Grammatico,
807 2801 1004 2840 scribendi
1026 2801 1146 2840 libelli
1166 2802 1248 2851 περὶ
1267 2805 1329 2838 τοῦ
1344 2800 1446 2847 Ταὼ,
1469 2802 1572 2842 sicut

111 2861 214 2900 idem
231 2862 346 2901 alium
367 2863 543 2902 libellum
569 2864 778 2915 scripserat
799 2866 880 2915 περὶ
903 2868 966 2902 τοῦ
984 2867 1087 2915 παρὰ
1115 2862 1294 2900 Πλάτωνι
1314 2863 1568 2915 ἀλεκτρύονος.

111 2923 214 2962 Vide
235 2924 390 2962 Suidam
411 2939 446 2962 v.
480 2925 713 2977 Λούπερκος.

165 2985 325 3036 Scripsit
355 2985 469 3025 etiam
503 2987 703 3037 Antiphon
729 2986 973 3034 Ἀλκιβιάδου
996 2985 1199 3034 λοιδορίας,
1230 2984 1405 3024 laudatas
1435 3001 1457 3025 a
1481 3002 1571 3027 vero

832 3060 859 3085 D
