1925 3272
434 205 782 250 ORATORUM
817 202 1204 247 GRAEGORUM.
1438 200 1543 244 xxiii

87 324 213 362 sthen.
232 323 396 375 Olynth.
411 323 445 361 I.
464 327 497 371 ς.
518 323 563 369 η’.
584 321 662 360 III.
682 324 716 369 §-
734 320 771 360 ε’.
792 325 832 359 et
851 319 901 358 de
922 330 1001 369 rep.
1024 318 1108 358 ord.
1129 322 1160 367 ς.
1178 318 1225 355 α’,
1247 329 1358 366 seqq.
1381 314 1548 354 ubivide

89 385 313 437 Ulpianum.
371 388 431 424 Ac
452 398 540 423 vere
561 383 718 434 judicat
739 382 1018 432 Theopompus
1041 381 1143 430 apud
1166 380 1399 429 Harpocrat.
1424 391 1459 416 v.
1477 377 1550 415 Et}-

86 445 244 495 βουλος,
269 459 467 497 nunquam
496 446 690 484 civitatem
711 444 966 482 imbelliorem
988 449 1027 480 et
1052 442 1303 493 ignaviorem,
1325 452 1440 491 quam
1461 452 1548 477 cum

88 509 138 547 ab
160 509 228 547 illo
247 508 607 556 administrabatur,
633 507 763 545 fuisse.
821 506 933 551 Mox,
954 517 1043 543 cum
1064 504 1275 542 necessitas
1294 503 1466 541 venisset
1485 514 1552 552 pe-

88 570 215 609 cuniae
248 583 323 608 non
353 569 391 608 iu
422 570 630 608 theatrales
660 569 895 618 voluptates,
919 566 989 605 sed
1021 565 1060 603 in
1087 565 1232 603 bellum
1260 563 1550 615 impendendae,

88 631 184 681 legis
217 645 298 669 suae
329 631 524 670 mutandae
551 630 714 669 consilia
744 628 918 680 agitavit.
974 626 1232 665 Demosthen.
1253 626 1302 664 de
1329 625 1415 663 fals.
1436 625 1551 675 legat.

89 697 120 741 ς.
141 693 218 731 ποί.
248 693 432 743 Suscepit
455 693 570 731 etiam
599 693 831 743 legationem
857 690 905 728 ad
931 689 1169 740 Philippum.
1226 687 1484 726 Demosthen.
1504 685 1554 724 de

90 754 183 792 Cor.
211 757 242 801 ξ.
261 755 304 792 θ’.
335 754 462 798 Quam
477 767 563 792 cum
579 753 634 791 sic
651 753 845 803 gessisset,
861 757 904 789 ut
924 750 1189 789 Macedonum
1205 748 1383 800 partibus
1400 748 1555 787 studere

89 815 306 863 videretur,
321 823 405 854 acta
422 816 508 866 ejus
529 814 740 865 exagitavit
761 813 1059 851 Demosthenes.
1117 811 1290 849 AEschin.
1305 809 1353 847 de
1374 809 1459 847 fals.
1480 810 1554 860 leg.

91 889 131 928 p.
152 880 244 915 241.
301 878 399 916 Cum
421 877 631 929 Phrynone
652 881 690 914 et
712 875 946 921 Philocrate,
960 873 1148 924 improbis
1171 869 1557 923 demagogis,jungi·

93 944 154 977 tur
180 951 202 976 a
224 939 395 977 Luciano
416 940 579 977 Encom.
601 937 808 976 Demosth.
829 940 860 984 ξ.
880 942 946 975 41.
975 941 1014 973 et
1034 934 1202 987 Ulpiano
1226 935 1264 971 in
1291 932 1457 984 Olynth.
1479 933 1557 971 III.

92 1002 124 1046 ξ.
141 1000 185 1037 θ’.
215 999 261 1036 Εἰ
279 999 585 1037 Demosthenem
606 1000 643 1036 iu
664 997 865 1048 republica
884 997 1052 1047 gerenda
1073 996 1322 1042 successisse,
1337 994 1475 1032 scribit
1493 993 1557 1031 Li-

94 1060 230 1098 banius
251 1061 364 1100 Tom.
385 1061 412 1098 I.
436 1074 477 1111 p.
497 1064 590 1099 436.
613 1061 659 1098 C.
701 1060 902 1097 Mortuum
932 1058 1087 1106 quidem
1109 1071 1191 1095 esse
1213 1062 1301 1094 ante
1323 1055 1558 1094 Demosthe-

94 1127 313 1171 nem,patet
332 1135 379 1159 ex
401 1121 533 1159 Or.de
551 1121 643 1158 Cor.
660 1124 691 1167 ξ.
709 1118 781 1167 νβ’.
812 1120 890 1157 Sed
910 1118 1189 1169 rempublicam
1207 1130 1276 1167 per
1291 1116 1420 1166 plures
1437 1128 1560 1154 annos

95 1196 170 1221 una
190 1196 278 1221 cum
300 1182 566 1221 Demosthene
586 1182 890 1227 administrasse,
910 1194 958 1218 ex
980 1180 1042 1225 iis,
1064 1192 1151 1229 quae
1172 1178 1351 1224 diximus,
1372 1177 1558 1227 intelligi-

94 1250 170 1282 tur.
210 1243 344 1282 vAdde
376 1244 447 1282 Or.
467 1258 503 1282 c.
525 1243 678 1294 Leptin.
699 1247 730 1291 ξ.
745 1246 808 1282 κθ’.
839 1242 888 1281 de
915 1242 1001 1280 fals.
1025 1243 1100 1292 leg.
1122 1245 1152 1289 ξ.
1173 1241 1241 1285 νζ’.
1262 1241 1311 1279 de
1340 1242 1433 1280 Cor.
1467 1245 1500 1289 ξ.
1515 1241 1560 1287 η’.

92 1304 226 1344 Mores
254 1305 420 1344 hominis
452 1305 604 1357 egregie
630 1304 821 1344 describit
840 1305 1121 1355 Theopompus
1141 1303 1246 1353 apud
1268 1304 1411 1342 Athen.
1433 1303 1503 1340 IV.
1521 1315 1560 1354 p.
1581 1305 1656 1342 147

93 1371 187 1406 166.
209 1368 261 1405 D.
283 1372 320 1406 et
340 1367 446 1419 apud
468 1368 705 1418 Harpocrat.
727 1380 761 1405 v.
786 1366 1003 1415 Εὔβουλος.
1058 1365 1237 1403 Potentia
1265 1371 1411 1415 quanta
1428 1364 1561 1410 fuerit,

93 1428 213 1471 docet
232 1431 440 1471 Demosth.
463 1431 513 1469 de
539 1431 624 1469 fals.
643 1431 719 1482 leg.
739 1435 770 1480 ξ.
791 1431 868 1469 πα’.
889 1437 930 1469 et
949 1429 997 1467 ad
1020 1441 1108 1467 eum
1137 1428 1342 1479 Ulpianus,
1401 1429 1564 1466 Mortuo

93 1490 261 1530 honores
280 1492 431 1531 decreti
453 1499 555 1536 sunt,
576 1493 626 1530 de
653 1493 797 1539 quibus
825 1492 900 1530 fuit
921 1490 1137 1538 Hyperidis
1159 1491 1299 1535 oratio,
1320 1501 1438 1539 quam
1458 1501 1564 1539 saepe

92 1550 255 1590 laudant
275 1551 549 1590 Grammatici.
606 1550 665 1589 Ex
682 1549 824 1588 Eubuli
844 1549 1031 1587 adversus
1051 1547 1261 1587 Charetem
1283 1550 1456 1588 oratione
1479 1551 1564 1589 haec

94 1612 215 1651 habet
235 1613 467 1651 Aristoteles
485 1612 646 1650 Rhetor.
666 1612 693 1650 l.
713 1624 753 1662 p.
775 1614 866 1651 257.
897 1609 993 1649 Οἶον
1013 1607 1210 1656 Εὔβουλος
1233 1610 1274 1649 ἓν
1294 1616 1372 1654 τοῖς
1394 1611 1565 1659 δικαστη-

93 1673 186 1725 ρίοις
212 1674 400 1727 ἐχρήσατο
421 1675 516 1712 κατοὶ
538 1672 727 1723 Χάρητος,
762 1670 795 1724 ᾦ
819 1671 988 1709 Πλάτων
1018 1669 1097 1709 εἶπε
1118 1669 1209 1719 πρὸς
1231 1671 1454 1723 Ἀρχίβιον·
1475 1672 1566 1711 ”Οτι

93 1734 309 1773 ἐπιδέδωκεν
327 1735 368 1772 ἐν
385 1738 430 1789 τῇ
447 1736 554 1771 πόλει
573 1733 614 1771 τὸ
631 1735 836 1783 ὁμολογεῖν
855 1730 1036 1784 πονηροῦς
1051 1729 1162 1778 εἶναι,
1180 1731 1246 1769 ubi
1262 1733 1461 1772 Victorius
1478 1747 1567 1784 per-

95 1808 232 1847 peram
254 1795 472 1842 Platonem,
493 1794 788 1846 philosophum,
812 1794 1008 1845 intelligit,
1029 1806 1118 1831 cum
1140 1793 1323 1832 Comicus
1351 1795 1400 1833 sit
1424 1796 1566 1834 intelli—

97 1857 260 1908 gendus,
281 1870 302 1895 e
321 1856 436 1906 cujus
456 1856 564 1894 dicto
585 1856 617 1893 si
640 1856 840 1907 syllabam,
860 1869 949 1905 quae
965 1856 1156 1902 abundat,
1176 1869 1264 1894 cum
1281 1856 1566 1896 Valckenaerio

97 1924 231 1957 nostro
249 1918 464 1964 sustuleris,
485 1918 570 1956 finis
590 1917 729 1955 senarii
750 1918 823 1956 erit
852 1917 1045 1956 ἐπιδέδωκε
1065 1922 1111 1974 τῇ
1127 1921 1248 1957 πόλει.
1307 1918 1383 1956 Sed
1403 1919 1466 1957 hic
1487 1933 1565 1958 non

97 1987 159 2018 est
189 1979 544 2029 praetermittendus
573 1979 684 2017 locus
722 1979 919 2018 Plutarchi
955 1979 1004 2018 de
1033 1980 1204 2019 fraterno
1242 1992 1373 2018 amore
1402 1993 1442 2031 p.
1472 1985 1565 2020 486.

100 2039 153 2080 D.
181 2041 214 2078 οἱ
241 2040 278 2079 δὲ
304 2040 405 2088 βίοις
441 2045 629 2093 χρώμενοι
656 2040 860 2093 διαφόροις,
888 2042 953 2079 τόν
986 2057 1023 2080 τε
1050 2040 1193 2093 φθόνον
1227 2041 1479 2091 ἐκτρέπονται,
1507 2045 1568 2079 καὶ

100 2109 345 2156 συνεργοῦσιν
370 2105 556 2149 ἀλλήλοις
583 2107 746 2155 μᾶλλον,
765 2106 814 2146 ὡς
840 2102 1085 2155 Δημοσθένης
1105 2106 1165 2141 καὶ
1192 2103 1337 2154 Χάρης,
1359 2104 1420 2140 καὶ
1447 2106 1566 2141 πάλιν

100 2166 288 2217 Αἶσχίνης
307 2166 365 2203 καὶ
389 2164 603 2213 Εὔβουλος,
623 2167 681 2202 καὶ
706 2164 906 2216 ’Ὑπερίδης
923 2167 983 2202 καὶ
1002 2164 1243 2211 Λεωσθένης.
1302 2164 1401 2207 Quis
1422 2170 1483 2202 est
1502 2165 1568 2203 ille

101 2226 278 2263 Eubulus
293 2226 516 2276 imperator,
531 2227 598 2277 qui
619 2225 796 2264 AEschini
812 2233 980 2264 mutuam
998 2239 1153 2276 operam
1169 2225 1421 2277 praestiterit?
1450 2226 1570 2278 Equi-

101 2286 189 2325 dem
206 2288 355 2325 nullum
378 2289 452 2326 hoc
472 2288 624 2325 nomine
645 2287 824 2338 cognovi.
882 2288 975 2326 Noli
998 2288 1194 2335 dubitare,
1216 2288 1308 2340 quin
1330 2288 1489 2327 mutilus
1510 2289 1568 2327 lo-

101 2362 172 2386 cus
186 2349 247 2399 sit,
267 2355 387 2399 atque
408 2349 483 2387 hoc
501 2349 617 2387 modo
638 2349 915 2387 restituendus.
938 2372 991 2378 -
1010 2352 1060 2393 ὡς
1079 2348 1329 2401 Δημοσθένης
1346 2351 1405 2387 καὶ
1423 2350 1569 2400 Χάρης,

102 2413 162 2448 καὶ
180 2413 298 2449 πάλιν
319 2413 505 2463 Αἰσχίνης
526 2413 585 2448 καὶ
602 2411 765 2457 Φωκίων,
781 2413 839 2449 καὶ
860 2410 1054 2459 Εὔβουλος
1074 2413 1135 2449 καὶ
1153 2410 1369 2465 Διοπείθης,
1386 2413 1445 2448 καὶ
1462 2411 1572 2449 ’Υπε-

103 2472 207 2523 ρίδης
245 2475 306 2511 καὶ
324 2472 574 2520 Λεωσθένης.
632 2473 759 2517 Quam
779 2473 1091 2511 emendationem
1113 2472 1198 2523 ipse
1224 2472 1458 2511 Plutarchus
1478 2486 1571 2511 cou-

103 2533 231 2572 firmat
252 2535 442 2573 Phocion.
461 2547 499 2584 p.
519 2538 611 2575 744.
634 2534 676 2571 F.
697 2533 780 2577 τοὺς
798 2534 867 2586 μὲν
886 2538 1078 2584 λέγοντας
1089 2535 1130 2573 ἐν
1145 2538 1193 2586 τῷ
1214 2534 1316 2586 δῆμῳ
1334 2536 1393 2572 καὶ
1408 2536 1571 2585 γράφον-

40 2611 43 2612 ’
106 2613 175 2641 τας
194 2600 326 2649 μόνον,
342 2596 394 2635 ὧν
415 2596 611 2645 Εὔβουλος
630 2594 689 2642 ἦν,
709 2599 768 2634 καὶ
781 2598 1028 2649 Ἀριστοφῶν,
1051 2599 1110 2634 καὶ
1130 2595 1391 2647 Δημοσθένης,
1413 2597 1474 2633 καὶ
1493 2594 1573 2633 Λυ-

107 2664 276 2710 κοῦργος,
297 2663 358 2699 καὶ
378 2661 588 2711 ’Ὑπερίδης
608 2660 779 2706 Διοπείθη
807 2660 847 2698 δὲ
870 2662 928 2698 καὶ
953 2659 1166 2706 Μενεσθέα,
1187 2662 1245 2697 καὶ
1271 2659 1488 2705 Λεωσθένη,
1511 2659 1571 2695 καὶ

103 2721 275 2773 Χάρητα,
302 2727 351 2775 τῷ
391 2727 615 2774 στρατηγεῖν
642 2724 703 2759 καὶ
731 2724 1006 2773 προσπολεμεῖν
1038 2721 1129 2772 [leg.
1151 2720 1231 2758 vid.
1258 2721 1351 2769 πρὸς
1388 2721 1572 2769 πολέμοις

105 2783 213 2823 εἶναι.
242 2785 422 2833 REISK.]
448 2786 627 2831 αὔξοντας
650 2784 818 2826 ἑαυτούς.
859 2784 1052 2828 Phocion,
1073 2783 1297 2834 imperator,
1319 2780 1492 2818 AEschini
1515 2779 1572 2816 af-

106 2845 180 2884 fuit
209 2846 248 2883 in
275 2859 391 2884 causa
418 2847 515 2884 male
543 2846 662 2884 obitae
693 2845 907 2896 legationis,
940 2852 983 2883 ut
1009 2846 1094 2895 ipse
1119 2850 1286 2882 testatur
1307 2843 1344 2880 in
1367 2841 1571 2892 Apologiae

109 2920 188 2946 suae
209 2907 299 2946 fine.
358 2907 470 2953 Haec,
483 2908 521 2946 ni
538 2907 665 2956 fallor,
676 2914 851 2945 veterum
868 2906 916 2945 de
934 2906 1090 2944 Eubulo
1108 2906 1193 2943 loca
1214 2912 1303 2942 sunt
1324 2903 1465 2950 omnia,
1484 2916 1572 2953 quae

109 2983 149 3008 se
171 2969 263 3009 alibi
285 2969 462 3008 daturum
484 2969 742 3019 promittebat
764 2969 952 3021 Taylorus
972 2968 1020 3007 ad
1039 2967 1213 3006 AEschin.
1234 2966 1413 3018 Ctesiph.
1430 2970 1461 3013 ξ.
1484 2966 1544 3003 ια’.
