1925 3272
482 206 835 251 ORATORUM
870 202 1255 249 GRAECORUM.
1528 198 1602 239 xix

135 315 250 354 diluit
272 317 470 355 vertendo.
527 318 670 355 Graeca
690 316 774 355 haec
796 321 885 354 sunt
905 314 1007 365 apud
1029 313 1277 352 Aristotelem
1299 309 1459 347 Rhetor.
1481 305 1535 343 ΙΙ.
1557 318 1598 355 p.

135 382 228 416 480.
249 385 284 416 et
307 378 514 417 Aristidem
537 379 560 416 l.
583 392 618 417 c.
640 377 685 416 σύ
700 377 769 429 μὲν
786 378 1020 428 Ἀριστοφῶν
1041 374 1106 421 ὢν,
1129 377 1170 412 οὒ
1191 372 1378 424 προδοίης·
1396 370 1470 418 ἐγὼ
1492 367 1533 413 δ’,
1549 365 1601 404 ὧν

133 439 360 491 Ἰφικράτης;
393 453 480 490 quae
495 441 582 492 jure
603 440 765 478 miratur
784 440 842 478 CI.
859 437 1161 477 Valckenaerius
1178 438 1214 474 in
1231 432 1490 489 eruditissima
1508 430 1601 467 Dia-

140 502 243 540 triba
266 503 302 540 in
324 503 520 552 Euripidis
545 503 655 553 Frag.
676 516 713 540 c.
734 516 797 540 xx.
818 516 857 553 p.
877 506 972 540 211.
1031 500 1147 538 Plura
1176 500 1225 537 de
1254 497 1453 549 Iphicrate
1474 494 1604 531 Victo-

139 562 216 601 rius
236 563 284 600 ad
307 563 508 601 Aristotel.
529 564 691 602 Rhetor.
713 563 767 600 II.
791 577 830 614 p.
851 567 944 604 4¹78.
967 568 1008 600 et
1021 561 1215 612 Taylorus
1234 559 1283 598 ad
1305 557 1432 610 Lysiae
1449 556 1602 605 Fragm.

139 637 178 674 p.
198 627 291 662 651.
319 638 408 674 quae
430 625 523 662 nihil
541 625 679 663 attinet
698 632 890 675 repetere.
925 622 1106 661 Pluscula
1133 622 1218 672 ejus
1239 620 1297 658 vel
1324 617 1527 669 magnifice
1542 614 1603 653 vel

138 691 252 723 acute
273 686 379 724 dicta
399 686 557 737 collegit
578 689 637 725 Μ.
654 689 702 725 Α.
724 688 902 725 Muretus
922 685 1014 723 Var.
1040 684 1147 723 Lect.
1173 683 1283 720 VIII.
1305 685 1371 721 22.

203 748 313 785 XIV.
353 749 731 794 CALLlsTRATUs‚
769 747 992 787 Callicratis
1028 747 1147 792 filius,
1187 744 1445 795 Aphidnaeus,
1485 750 1604 778 causa

137 821 254 858 super
274 809 413 860 Oropo
440 810 659 861 peroranda
683 810 757 848 tale
781 808 1037 848 Demostheni
1064 805 1315 858 eloquentiae,
1339 803 1453 854 quale
1478 802 1603 839 Hero-

135 869 253 908 dotus
281 871 443 909 historia
472 885 542 910 sua
569 871 770 910 recitanda
793 870 1021 921 Thucydidi
1044 868 1234 912 historiae,
1258 865 1428 904 studium
1450 861 1601 912 injecit,

137 937 178 969 ut
199 945 244 970 ex
273 933 474 971 Demetrio
504 933 710 984 Magnesio
739 932 857 971 refert
887 929 1258 970 Pseudo-Plutarch.
1288 941 1327 978 p.
1356 929 1447 964 844.
1479 924 1524 961 B.
1555 935 1603 959 ex

136 994 356 1044 Hermippo
379 995 532 1032 Gellius
561 994 638 1033 111.
662 999 723 1032 18.
782 995 926 1044 Magna
947 992 1051 1043 apud
1074 991 1263 1043 populum
1283 987 1518 1027 auctoritate
1536 996 1603 1022 va-

135 1055 223 1100 luit,
246 1063 344 1094 teste
373 1056 637 1094 Demosthene
666 1057 715 1094 de
742 1056 830 1094 sals.
856 1056 972 1105 legat.
999 1059 1029 1102 ξ.
1056 1055 1135 1103 πγ’.
1194 1050 1466 1090 Adversarium
1491 1049 1529 1086 in
1545 1059 1603 1085 re-

136 1117 296 1167 publica
322 1118 629 1156 administranda
659 1118 797 1156 habuit
811 1117 1093 1166 ”Melanopum‚
1117 1114 1315 1153 Plutarch.
1335 1110 1540 1150 Demosth.
1561 1122 1600 1160 p.

136 1182 227 1217 851.
249 1180 290 1218 F.
314 1192 430 1229 quem
451 1180 566 1217 etiam
593 1179 792 1217 accusavit
826 1179 1015 1225 oratione,
1031 1177 1189 1215 laudata
1209 1174 1412 1213 Aristoteli
1437 1173 1601 1210 Rhetor.

135 1240 166 1278 I.
186 1253 226 1290 p.
251 1245 343 1280 244.
400 1242 637 1292 Eloquentia
663 1241 719 1280 sic
747 1241 943 1288 excelluit,
969 1246 1011 1279 ut
1040 1253 1155 1278 nemo
1184 1238 1243 1276 sui
1268 1235 1454 1288 temporis
1475 1234 1509 1272 ei
1532 1245 1601 1284 par

132 1310 356 1354 poneretur.
412 1303 528 1350 Vide,
550 1310 691 1355 praeter
718 1303 915 1342 AEsehinis
938 1309 978 1340 et
1003 1300 1170 1352 Nepotis
1190 1298 1424 1344 testimonia,
1446 1297 1495 1335 ab
1516 1295 1600 1333 aliis

131 1364 261 1411 allata,
290 1365 545 1403 Demosthen.
567 1366 654 1404 adv.
674 1365 850 1403 Timoth.
875 1368 974 1414 §.72
1043 1363 1188 1401 Narrat
1219 1362 1411 1412 Ulpianus
1443 1360 1480 1397 in
1516 1358 1598 1396 De·

130 1427 273 1464 mosth.
305 1440 340 1466 c.
372 1427 544 1465 Timocr.
564 1432 595 1474 ξ.
617 1427 686 1466 λδ.
708 1427 989 1476 interrogatum
1019 1426 1231 1464 Oratorum
1261 1423 1492 1474 principem,
1513 1426 1600 1459 uter

130 1494 232 1526 esset
252 1487 388 1527 melior
406 1495 553 1535 orator,
575 1490 721 1540 ipsene,
748 1502 796 1526 an
831 1488 1094 1527 Callistratus?
1125 1485 1400 1537 respondisse:
1430 1484 1504 1533 ἐγὼ
1528 1482 1597 1535 μὲν

128 1552 378 1602 γραφόμενος,
411 1554 704 1602 Καλλίστρατος
737 1550 773 1588 δὲ
815 1552 1053 1602 ἀκουόμενος.
1123 1548 1369 1586 Callistratus
1406 1545 1597 1584 exercstui

129 1610 289 1660 praefuit
321 1624 399 1648 una
426 1625 512 1649 cum
542 1613 752 1650 Timotheo
784 1618 824 1650 et
861 1612 1046 1658 Chabria,
1085 1611 1246 1662 Olymp.
1278 1609 1333 1647 C:
1354 1614 1394 1648 4.
1425 1607 1596 1646 Diodor.

130 1671 249 1709 Sicul.
272 1672 361 1710 XV.
381 1686 420 1724 p.
437 1676 502 1711 24.
558 1674 652 1711 Post
673 1673 890 1724 Iphicrates
906 1673 1011 1711 illum
1029 1672 1102 1710 sibi
1119 1671 1288 1710 adscivit
1306 1670 1383 1708 sive
1406 1676 1448 1708 ut
1467 1669 1597 1707 consi-

128 1732 279 1770 liarium
300 1733 484 1783 imprimis
505 1734 702 1781 idoneum,
720 1735 799 1772 sive
814 1741 854 1772 ut
876 1734 1064 1772 arbitrum
1085 1739 1124 1771 et
1145 1738 1406 1783 spectatorem
1427 1743 1553 1769 rerum
1573 1743 1595 1768 a

127 1807 170 1832 se
189 1795 455 1844 gerendarum.
514 1796 739 1847 Xenophon
774 1796 929 1834 Hellen.
951 1796 1021 1833 VI.
1054 1808 1094 1846 p.
1121 1799 1215 1833 589.
1245 1794 1296 1831 D.
1328 1792 1490 1831 Archon
1522 1791 1597 1832 fuit
1615 1788 1692 1825 141

129 1857 291 1909 Olymp.
318 1858 425 1896 CVI.
453 1864 491 1898 2.
550 1859 634 1897 Nec
664 1865 760 1907 erat,
791 1871 911 1909 quare
939 1858 1138 1896 dubitaret
1166 1856 1368 1895 Fabricius
1398 1854 1501 1893 Bibl.
1523 1855 1595 1894 Gr.

128 1923 218 1961 Vol.
240 1923 310 1961 IV.
327 1936 365 1974 p.
388 1927 452 1962 56.
469 1924 713 1962 confundens
734 1930 926 1974 praeterea
946 1936 1034 1961 cum
1061 1922 1218 1960 Pseudo
1233 1944 1249 1950 -
1264 1920 1476 1958 Plutarcho
1496 1918 1597 1957 duos

128 1984 387 2036 Callistratos‚
406 1985 567 2024 alterum
598 1985 835 2031 Callicratis‚
854 1985 1018 2023 alterum
1046 1983 1225 2034 Empaedi
1260 1981 1395 2020 filium.
1447 1981 1596 2031 Capitis

127 2046 333 2085 damnatus
351 2047 598 2085 Callistratus
622 2047 660 2084 in
683 2046 860 2085 exsilium
881 2046 991 2084 abiit.
1049 2044 1308 2082 Demostlien.
1336 2043 1422 2081 adv.
1445 2042 1594 2094 Polycl.

127 2110 158 2155 §-
179 2108 244 2156 ιγ’.
264 2114 304 2145 et
327 2108 464 2147 Liban.
484 2108 600 2146 Tom.
620 2108 652 2146 I.
671 2120 711 2158 p.
732 2111 829 2146 442.
852 2109 902 2145 D.
929 2110 1020 2145 452.
1044 2106 1090 2143 Β.
1150 2106 1209 2143 Ex
1238 2117 1317 2156 quo
1346 2117 1450 2150 cum,
1472 2103 1594 2141 invito

125 2168 290 2219 populo,
309 2168 503 2213 rediisset,
523 2169 571 2206 ad
593 2169 827 2219 supplicium
851 2174 985 2218 raptus
1011 2174 1083 2205 est.
1142 2167 1309 2216 Lycurg.
1341 2164 1430 2203 adv.
1452 2165 1592 2202 Leocr.

127 2233 158 2277 ᾖ.
178 2227 252 2276 κβ’.
309 2230 474 2280 Reliqua
495 2230 545 2267 de
567 2230 640 2267 hoc
663 2231 833 2268 Oratore
861 2229 1054 2267 dederunt
1075 2228 1144 2265 viri
1171 2227 1320 2274 summi,
1343 2227 1392 2264 H.
1414 2226 1593 2264 Valesius

127 2294 176 2332 ad
203 2293 396 2331 Ammian.
418 2291 596 2339 Marcell.
623 2291 758 2328 XXX.
780 2296 817 2329 4.
838 2298 877 2329 et
899 2291 942 2329 P.
964 2288 1241 2340 Wesselingius
1266 2288 1315 2326 ad
1345 2287 1513 2327 Diodor.
1535 2288 1594 2326 Si-

126 2354 203 2394 cul.
226 2354 316 2392 XV.
341 2367 380 2404 p.
408 2356 472 2390 32.
496 2351 633 2390 Suidas
659 2365 694 2390 v.
712 2352 941 2403 Ἰσοκράτης,
964 2350 1187 2389 testimonio
1215 2349 1506 2402 Καλλιστράτου
1529 2355 1594 2388 τοῦ

125 2417 277 2467 ῥήτορος
309 2414 530 2460 confirmat,
563 2414 773 2452 Isocratem
801 2413 994 2463 juniorem
1027 2419 1156 2452 natum
1186 2425 1270 2450 esse
1299 2411 1521 2461 Apolloniae
1554 2411 1595 2450 in

126 2478 267 2524 Ponto,
287 2477 348 2515 vel
369 2475 586 2514 Heracleae.
643 2475 723 2519 Qui
745 2475 989 2514 Callistratus
1017 2488 1086 2526 per
1111 2473 1296 2525 temporis
1322 2473 1490 2511 rationes
1516 2486 1594 2512 non

127 2544 260 2590 potest
281 2551 364 2577 esse
391 2537 648 2588 Aphidnaeus.
707 2536 886 2586 intellige
916 2536 1035 2588 igitur
1069 2534 1286 2573 Domitium
1314 2533 1593 2580 Callistratum,

128 2600 239 2650 cujus
261 2600 347 2637 libri
368 2600 450 2649 περὶ
465 2598 696 2650 “Ηρακλείας
716 2610 821 2648 saepe
843 2598 1062 2636 laudantur.
1094 2597 1185 2635 Vid.
1204 2596 1364 2635 Suld.v.
1383 2596 1590 2643 Φιλόξενος.

182 2661 272 2698 XV.
311 2659 695 2698 CEPHISODOTUS.
740 2659 846 2698 Varii
885 2658 1146 2709 Cephisodoti
1184 2658 1222 2696 in
1259 2657 1390 2696 Attica
1429 2657 1593 2696 historia

130 2727 405 2760 memorantur.
463 2721 542 2759 Sed
572 2721 723 2758 Orator
748 2728 804 2759 est
833 2720 1126 2771 Cephisodotus
1151 2733 1200 2758 ex
1225 2719 1447 2769 Ceramico,
1475 2719 1542 2769 qui
1570 2732 1592 2756 a

130 2782 388 2821 Demostheni.
411 2782 500 2821 adv.
520 2783 674 2833 Leptin.
695 2786 726 2830 ξ.
748 2782 825 2831 λβ’.
847 2783 991 2821 dicitur
1011 2782 1160 2825 οὒὸενὸς
1179 2781 1290 2827 ἧττον
1308 2787 1382 2819 τῶν
1400 2781 1593 2828 λεγόντων

131 2843 248 2887 δεινὸς
266 2846 393 2883 εἰπεῖν.
450 2844 560 2882 Idem
578 2844 667 2882 mihi
689 2843 857 2891 videtur,
879 2857 995 2895 quem
1018 2845 1188 2895 legatum
1206 2842 1253 2880 ad
1273 2841 1592 2880 Lacedaeruonios

131 2905 285 2943 missum
307 2917 389 2944 esse
423 2905 560 2943 scribit
576 2906 799 2956 Xenophon
816 2907 970 2944 Hellen.
999 2906 1122 2956 VLp.
1139 2910 1228 2943 590.
1252 2905 1295 2941 B.
1315 2902 1409 2942 VII.
1437 2916 1477 2955 p.
1500 2906 1591 2942 615.

132 2966 182 3005 D.
203 2966 383 3006 laudatur
401 2966 452 3005 ab
472 2967 681 3006 Aristotele
698 2968 858 3007 Rhetor.
876 2969 950 3006 111.
968 2982 1007 3019 p.
1027 2972 1119 3008 647.
1133 2970 1226 3006 650.
1243 2969 1334 3005 651.
