1816 3272
407 240 739 284 LECTIONES
772 238 1168 283 ANDOCIDEAE.
1428 239 1512 281 213

63 353 106 388 et
123 346 216 386 diris
234 347 417 387 devotum
443 355 484 387 et
515 354 650 400 postea
678 336 913 386 resecratum
936 348 1067 394 fuisse,
1086 347 1231 386 docent
1254 345 1454 385 Plutarch.
1473 346 1512 384 in

65 409 197 448 Alcib.
214 423 255 461 p.
267 414 359 449 202.
374 410 417 449 F.
431 424 472 462 p.
485 414 577 448 210.
593 410 657 456 A„
677 416 716 447 et
731 408 866 458 Nepos
882 422 914 447 c.
931 412 970 446 4.
984 415 1024 446 et
1036 412 1073 446 6.
1111 408 1242 452 Quum
1262 407 1378 458 igitur
1396 408 1436 445 in
1456 407 1513 445 ci-

63 471 183 510 vitate
203 473 396 510 contemni
415 485 454 510 se
475 471 622 510 videret
639 470 879 517 Andocides,
899 475 1127 508 mercaturae
1148 482 1265 508 causa
1284 469 1375 508 alias
1391 475 1513 508 terras

63 532 171 571 adire
190 534 408 572 constituit:
437 533 516 571 vid.
532 532 757 571 Andocides
772 546 813 583 p.
829 537 891 574 17.
916 531 955 569 in
974 530 1064 576 fine,
1081 530 1215 581 Lysias
1235 544 1275 581 p.
1291 535 1385 570 105.
1401 545 1437 569 v.
1458 536 1512 577 3.,

61 592 469 634 Pseudo-Plutarchus
488 600 528 634 et
542 594 705 633 Photius
726 594 793 633 dd.
808 594 846 633 ll.
881 594 927 631 In
945 594 1119 643 regiones
1140 593 1357 642 complures
1381 606 1515 643 perve-

63 655 122 694 nit
135 661 175 695 et
194 657 350 703 insulas,
367 656 555 704 Siciliam,
569 657 732 704 Italiam,
754 656 1075 707 Peloponnesum,
1089 654 1345 701 Thessaliam,
1364 654 1516 693 Helles·

61 723 243 768 pontum,
263 718 427 766 Ioniam,
447 718 621 770 Cyprum
639 719 738 770 (vid.
759 718 893 769 Lysias
913 730 954 768 p.
975 720 1068 755 103.
1082 731 1116 755 v.
1137 716 1244 765 38.):
1265 723 1304 755 et
1324 717 1362 754 in
1382 716 1516 768 Cypro

64 778 223 829 quidem
243 780 409 830 primum
427 781 530 830 apud
548 781 639 820 Citii
655 793 786 831 regem
798 779 874 818 fuit
891 779 1100 830 gratiosus;
1125 778 1281 825 deinde,
1298 791 1385 816 cum
1407 778 1517 816 illum

62 853 87 878 a
107 853 148 879 se
175 841 396 887 alienasset,
416 841 454 878 in
475 842 628 880 vincula
648 842 852 892 conjectus
870 847 910 879 et
933 841 1098 879 maxima
1118 854 1283 889 quaeque
1303 841 1401 878 mala
1429 853 1518 890 pas..

66 914 132 941 sus
165 908 224 941 est
253 903 350 953 (vid.
378 904 514 955 Lysias
542 916 581 954 p.
605 907 696 941 105.
727 917 764 941 v.
787 904 892 952 26.);
935 902 1041 953 quod
1074 901 1165 940 ideo
1197 902 1342 941 sactum
1382 901 1519 939 dicunt

63 963 474 1003 Pseudo-Plutarchus
503 970 541 1003 et
577 965 755 1010 Photius,
790 965 896 1015 quod
934 963 1051 1002 filiam
1088 963 1271 1002 Aristidis
1299 963 1518 1014 cujusdam,

63 1027 336 1066 consobrinam
357 1040 479 1073 suam,
499 1027 594 1065 clam
616 1027 771 1065 familiae
801 1033 1028 1077 surreptam,
1049 1026 1214 1076 primum
1240 1025 1346 1063 dono
1375 1025 1520 1062 miserit

63 1086 212 1138 Cyprio
232 1094 410 1139 tyranne,
425 1088 516 1127 dein
536 1101 654 1140 quum
675 1088 840 1135 timeret,
861 1101 908 1126 ne
929 1087 1086 1125 domum
1114 1099 1287 1125 reversus
1315 1086 1434 1137 plagii
1452 1099 1518 1123 ac-

63 1156 281 1196 cusaretur,
302 1150 486 1200 illamque
520 1150 657 1188 iterum
687 1155 896 1188 conaretur
921 1149 1131 1195 abducere,
1163 1148 1428 1199 deprehensus
1455 1146 1517 1184 sit.

64 1210 196 1261 Hujus
214 1212 271 1251 rei
290 1225 450 1263 quoque
470 1212 645 1250 meminit
664 1212 826 1250 Tzetzes
845 1211 872 1249 l.
886 1217 976 1249 ante
996 1210 1063 1249 cit.

329 1299 410 1337 Καὶ
427 1301 493 1344 τὴν
511 1300 622 1337 αὺτοῦ
641 1299 802 1349 ἀνεψιὰν
821 1301 840 1337 ὁ
856 1298 1073 1345 Ἀνδοκίδης
1093 1295 1198 1341 οὗτος

329 1359 466 1412 Πυρῶιν
484 1365 600 1399 πωλεῖ
618 1364 667 1414 τῷ
685 1360 841 1408 βασιλεῖ
859 1364 907 1413 τῷ
925 1362 1006 1400 τότε
1021 1367 1092 1399 τῶν
1111 1360 1302 1411 Κυπρίων·

328 1421 408 1460 Τοῦ
424 1422 650 1473 Ἀριστείδου
669 1422 708 1461 δὲ
726 1425 748 1469 ἡ
763 1428 854 1466 παῖς
875 1423 1079 1475 θυγάτριον
1097 1424 1277 1475 ὑπῆρχεν.

117 1516 217 1555 Haec
235 1516 327 1555 dum
354 1530 517 1569 peregre
535 1518 678 1569 agebat
698 1517 939 1563 Andocides,
959 1517 1123 1555 Athenis
1142 1517 1288 1554 interea
1314 1529 1375 1553 res
1404 1515 1518 1553 vehe-

60 1585 212 1617 menter
231 1585 338 1617 erant
363 1586 545 1626 mutatae:
577 1593 679 1627 nam,
700 1593 915 1631 paucorum
940 1578 1142 1616 dominatu
1171 1577 1396 1623 constituto,
1425 1589 1518 1613 con-

60 1640 142 1678 cilii
162 1641 414 1692 Oligarchici‚
436 1641 476 1680 in
498 1643 604 1693 quod
625 1641 900 1693 quadringenti
926 1655 973 1679 ex
1004 1639 1190 1678 universis
1217 1638 1366 1677 civibus
1389 1638 1519 1676 allecti

61 1699 231 1749 fuerant,
253 1716 320 1740 seu
341 1708 510 1750 senatus,
532 1703 597 1753 qui
618 1703 822 1741 dicebatur
844 1702 1239 1752 Quadringentorum,
1269 1705 1364 1737 nutu
1391 1699 1520 1736 omnia

61 1765 309 1814 gerebantur.
341 1764 566 1803 Andocides
582 1765 709 1814 igitur,
730 1770 871 1802 statum
885 1764 1113 1814 popularem
1134 1775 1273 1800 exosus
1293 1768 1332 1799 et
1351 1760 1518 1811 optima-

62 1828 158 1865 tium
185 1827 344 1872 amicus,
372 1839 545 1877 magnam
566 1826 672 1877 apud
696 1826 767 1863 bos
799 1839 838 1864 se
864 1825 1027 1876 gratiam
1059 1824 1242 1861 initurum
1273 1822 1456 1874 speravit,
1486 1821 1518 1860 si

62 1888 225 1927 classem
245 1889 432 1934 Atticam,
453 1888 766 1938 quibuscumque
795 1887 911 1925 rebus
940 1892 1085 1937 posset,
1109 1886 1276 1936 juvaret.
1332 1884 1429 1922 Cum
1451 1897 1519 1921 au-

62 1955 140 1988 tem
171 1950 405 1989 Archelaum
424 1950 671 1989 Macedoniae
700 1951 845 2000 Regem
877 1949 1044 1986 amicum
1066 1948 1229 1986 haberet
1254 1952 1292 1984 et
1323 1946 1518 1996 hospitem

62 2018 280 2064 paternum,
300 2012 448 2050 veniam
468 2013 518 2050 ab
548 2011 613 2050 illo
643 2011 864 2062 impetravit
886 2011 1049 2062 remiges
1069 2009 1274 2048 coemendi
1294 2022 1341 2046 ex
1362 2007 1518 2058 regione

62 2073 164 2112 illius
184 2074 346 2125 imperio
366 2074 566 2124 subjecta:
598 2087 695 2124 quos
715 2074 796 2123 ipse
817 2074 897 2111 sine
919 2073 1029 2110 lucro
1059 2085 1140 2118 suo,
1161 2071 1296 2109 eodem
1319 2083 1396 2118 quo
1416 2082 1518 2106 eme-

63 2140 124 2173 rat
149 2135 289 2186 preti0,
317 2135 513 2186 praefectis
541 2135 656 2173 classi
686 2133 982 2172 Atheniensium
1015 2132 1186 2177 tradidit,
1211 2144 1256 2168 ac
1283 2130 1517 2168 frumentum

63 2203 252 2248 praeterea
268 2203 307 2235 et
326 2211 379 2235 aes
397 2197 565 2235 advexit.
625 2196 718 2242 Sed,
741 2202 784 2233 ut
806 2195 1007 2233 maritimis
1034 2193 1254 2231 hominibus
1281 2191 1439 2230 insitum
1460 2196 1520 2228 est·

62 2259 293 2309 plerumque
318 2259 509 2297 libertatis
531 2258 714 2303 studium,
735 2258 790 2296 ita
815 2264 895 2295 tum
928 2268 1086 2306 quoque
1114 2262 1243 2292 nautae
1268 2260 1308 2292 et
1333 2253 1519 2291 classiarii

62 2320 198 2366 Attici,
218 2320 287 2370 qui
312 2320 419 2358 Sami
444 2325 567 2366 erant,
588 2319 970 2368 Quadringentorum
990 2316 1192 2366 imperium
1212 2315 1458 2360 recusabant,
1479 2320 1519 2352 et

62 2382 262 2431 antiquum
289 2382 478 2433 populare
505 2381 708 2432 imperium
738 2380 838 2418 tueri
868 2379 1159 2418 constituerant.
1216 2377 1355 2428 Itaque
1381 2376 1517 2415 Ando-

61 2443 168 2482 cides
187 2444 360 2482 Athenas
380 2456 554 2482 reversus
574 2449 722 2481 tantum
742 2442 868 2481 abfuit
889 2448 932 2480 ut
951 2441 1187 2486 laudaretur,
1210 2446 1253 2478 ut
1270 2439 1309 2477 in
1329 2452 1516 2477 summum

63 2518 210 2551 eorum,
223 2506 288 2554 qui
308 2505 585 2555 rempublicam
608 2505 804 2550 tenebant,
820 2506 1035 2542 incurreret
1054 2502 1209 2541 odium:
1233 2501 1518 2552 Quadringenti

61 2567 178 2617 euim,
212 2567 325 2605 simul
350 2574 468 2617 atque
498 2566 605 2604 illum
635 2566 795 2604 rediisse
824 2571 905 2603 erat
930 2571 1185 2614 compertum,
1217 2564 1345 2601 statim
1374 2562 1527 2612 corripi-

56 2630 277 2680 jusserunt,
298 2642 510 2679 eorumque
531 2628 714 2678 princeps
734 2627 922 2665 Pisander
944 2627 1051 2665 illum
1071 2625 1283 2670 accusavit,
1304 2623 1410 2674 quod
1437 2623 1526 2662 fru-

62 2696 233 2729 mentum
253 2696 293 2728 et
315 2691 477 2741 remiges
507 2690 637 2728 hostili
665 2690 850 2727 exercitui
878 2688 951 2739 (sic
978 2690 1081 2727 cives
1112 2688 1194 2738 ipse
1225 2699 1314 2724 suos
1336 2685 1517 2734 vocabat)

62 2752 310 2803 praebuisset.
368 2752 570 2790 Premente
587 2758 723 2790 senatu
737 2757 777 2789 et
796 2751 906 2796 irato,
923 2750 972 2788 ad
995 2763 1112 2794 aram,
1128 2762 1216 2797 quae
1238 2749 1275 2784 in
1297 2746 1403 2783 curia
1420 2752 1516 2793 erat,

60 2813 216 2864 prosilit
233 2812 473 2859 Andocides,
486 2814 590 2851 unde
610 2813 826 2863 supplicem
842 2812 1006 2850 avellere
1024 2810 1132 2848 nefas
1153 2809 1387 2849 habebatur:
1409 2807 1528 2856 quod·

61 2874 136 2925 ipsi
158 2881 238 2913 tum
260 2886 414 2924 quoque
436 2875 547 2912 saluti
569 2874 656 2912 suit.
711 2873 882 2911 Primum
899 2873 1000 2911 enim
1022 2872 1060 2910 in
1081 2882 1275 2909 carcerem
1297 2866 1515 2916 conjectus,

61 2942 197 2987 postea
216 2937 266 2975 ab
287 2936 362 2973 illis
383 2935 559 2974 dimissus
577 2943 648 2975 est.
680 2936 768 2973 Vid.
791 2935 1017 2973 Andocides
1038 2933 1087 2970 de
1111 2930 1209 2969 Red.
1230 2943 1270 2980 p.
1286 2932 1365 2975 21„
1381 2928 1529 2980 Lysias.

62 3011 101 3049 p.
120 3003 211 3038 105.
233 3011 268 3038 v.
289 3002 367 3045 29„
400 2997 811 3037 Pseudo-Plutarchus
838 3003 876 3034 et
902 2995 1065 3033 Photius
1085 2994 1123 3031 in
1143 2992 1246 3030 Vita.
1282 3019 1285 3022 -
1303 2990 1513 3028 Historiam
