1878 3272
326 215 409 258 DE
439 214 828 257 ANTIPHONTE
859 213 1033 257 ORAT.
1064 212 1298 256 ATTICO.
1510 218 1538 257 5

84 322 134 363 ad
153 322 333 374 Thucyd.
364 323 434 361 IV.
455 335 494 373 p.
516 326 606 362 317.
631 334 653 358 e
682 321 769 358 MS.
791 321 956 371 protulit
984 321 1056 359 Vir
1075 321 1272 365 Summus,
1295 320 1386 358 Car.
1412 320 1538 360 Andr.

85 384 269 425 Dukerus
286 398 295 423 ε
316 385 456 423 Ἰστέον
474 384 530 422 ὅτι
549 385 597 425 εἷς
617 383 657 421 τὸ
677 383 820 434 κομψὸν
832 390 896 429 τῆς
913 383 1081 435 φράσεως
1097 381 1318 428 Θουκυδίδης
1337 382 1539 436 Αἰσχύλον

85 449 145 485 καὶ
160 447 350 498 Πίνδαρον
370 447 586 498 ἐμιμήσατο.
601 448 654 487 εἰς
676 444 711 482 δὲ
732 445 771 483 τὸ
787 446 944 496 ’γόνιμον
959 452 1030 483 τῶν
1044 445 1311 495 ἐνθυμημάτων
1330 444 1393 483 τὸν
1408 444 1539 483 ἑαυτοῦ

85 508 310 548 διδάσκαλον
332 509 582 560 Ἀντιφῶντα.
605 509 657 549 εἷς
677 506 716 544 δὲ
735 509 802 552 τὴν
821 510 920 553 λέξιν
945 506 1144 557 Πρόδικον,
1166 506 1255 544 ὅθεν
1276 508 1335 544 καὶ
1357 506 1540 556 Προδίκου

85 573 183 617 λέξιν
201 572 241 609 ἐν
255 572 303 621 τῷ
324 573 475 621 κειμένῳ
496 573 753 620 σημειούμεθα.
771 571 823 612 εἰς
840 568 875 607 δὲ
890 568 930 607 τὸ
945 568 1133 617 ’γνωμικὸν
1153 567 1236 610 τοὺς
1257 568 1540 619 'lenimur-mous,

86 631 289 683 Εὐριπίδην
315 633 374 669 καὶ
392 630 477 673 τούς
498 633 651 673 ἄλλους’
672 636 749 673 τοῖς
775 633 849 682 γὰρ
871 633 999 673 αὺτοῖς
1027 631 1178 681 χρόνοις
1205 629 1315 675 ἦσαν.
1338 633 1390 674 εἰς
1411 630 1447 669 δὲ
1473 633 1541 676 τὴν

87 695 301 745 οἰκονομίαν
330 694 394 732 τὸν
422 692 603 740 Ποιητήν.
631 693 697 730 ubi
727 693 858 740 miror,
887 692 1022 730 Virum
1053 692 1158 731 Clar.
1185 705 1261 730 non
1285 692 1439 739 vidisse,
1467 705 1539 743 pro

84 754 354 806 Ἰσοκρατικοὺς
381 755 588 804 legendum
619 768 702 793 esse
730 754 993 805 Σωκρατικούς.
1049 754 1124 792 Sed
1156 754 1219 792 hic
1249 767 1326 791 non
1354 760 1412 792 est
1440 767 1541 804 prae-

85 819 314 858 tereundum
336 819 482 869 insigne
495 819 773 866 testimonium,
790 818 896 869 quod
913 823 1044 869 gratus
1060 817 1275 868 discipulus
1287 816 1541 868 Thucydides

83 881 265 933 perhibet
296 881 450 920 doctori
482 895 552 920 suo
573 882 822 932 Antiphonti,
842 882 869 919 l.
896 881 1008 918 VIII.
1033 893 1073 931 p.
1095 883 1188 918 545.
1219 878 1424 931 Ἀντιφῶν,
1446 880 1541 930 α’νὴρ

85 943 300 991 Ἀθηναίων
338 951 412 983 τῶν
444 945 520 982 καθ’
555 943 688 982 ἑαυτὸν
720 946 830 999 ἀρετῇ
869 960 906 982 τε
942 943 1088 986 οὐδενὸς
1119 941 1288 994 ὕστερος,
1326 943 1386 978 καὶ
1420 941 1542 992 κράτι·

86 1022 174 1049 στος
198 1006 446 1058 ἐνθυμηθῆναι
473 1007 688 1057 γενόμενος,
709 1008 768 1044 καὶ
795 1009 820 1043 ἃ
839 1007 887 1044 ἂν
907 1008 1015 1054 γνοίη
1035 1007 1162 1043 εἰπεῖν.
1220 1003 1376 1048 Quibus
1397 1003 1542 1050 verbis,

87 1068 263 1118 quamvis
295 1068 445 1119 paucis,
476 1068 642 1119 perfecti
679 1067 857 1106 Oratoris
896 1067 1108 1117 descriptio
1147 1066 1381 1105 continetur:
1445 1066 1542 1104 Cer-

86 1129 196 1168 tatim
216 1129 318 1167 hunc
344 1129 587 1180 Thucydidis
613 1130 741 1167 locum
763 1129 899 1167 imitati
928 1136 1016 1167 sunt
1037 1129 1244 1180 Sophistae.
1281 1128 1542 1166 Philostratus

84 1190 135 1229 de
155 1190 229 1228 hoc
247 1190 332 1241 ipso
349 1191 589 1242 Antiphonte
605 1204 643 1241 p.
663 1195 755 1230 498.
778 1192 1001 1234 ἱκανώτατος
1020 1193 1220 1242 ἀνθρώπων
1239 1189 1356 1236 ἔδοξεν
1374 1192 1490 1228 εἰπεῖν
1505 1194 1544 1228 τὲ

84 1254 144 1292 καὶ
160 1260 315 1303 γνῶναι.
344 1253 510 1292 Sinesius
526 1254 563 1291 in
579 1254 705 1292 Dione
721 1267 760 1304 p.
779 1258 843 1292 41.
873 1253 973 1291 Δίων
993 1255 1012 1291 ὁ
1024 1251 1257 1304 Προυσαεῦς,
1274 1251 1438 1302 περιττὸς
1449 1253 1545 1303 ἀνὴρ

84 1317 199 1354 εἰπεῖν
229 1332 268 1354 τε
301 1319 360 1354 καὶ
389 1322 546 1365 γνῶναι.
603 1318 662 1354 Ac
693 1315 793 1354 forte
821 1316 987 1354 eundem
1021 1316 1151 1355 locum
1183 1316 1220 1353 in
1249 1313 1379 1353 animo
1407 1314 1546 1352 habuit

87 1382 223 1415 auctor
251 1377 451 1428 Epitaphii
474 1378 780 1429 Harpocrationi
807 1378 942 1429 positi,
964 1384 1004 1416 et
1032 1378 1206 1416 nondum
1227 1376 1336 1424 editi,
1359 1376 1465 1426 quod
1493 1377 1544 1413 A.

86 1438 302 1477 Gallandus
335 1439 499 1477 Athenis
528 1440 751 1492 descripsit,
781 1446 820 1478 et
851 1453 941 1478 cum
973 1441 1134 1478 Graevio
1174 1437 1490 1483 communicavit,
1523 1451 1544 1475 e

84 1499 197 1549 cuj-us
218 1500 466 1539 Bibliotheca
487 1514 574 1540 cum
591 1501 674 1539 aliis
690 1501 1011 1553 inscriptionibus
1031 1502 1209 1552 pervenit
1229 1502 1268 1539 in
1290 1499 1545 1538 Burmannia-

86 1573 188 1601 nam.
245 1563 315 1601 Est
334 1569 464 1601 autem
486 1563 634 1602 hocce:

504 1647 661 1672 ΣΜικΡοΣ
685 1647 735 1672 o‘r
760 1648 915 1673 EMIKPON
937 1649 1124 1674 κΑΛτΠΤΩ.

539 1698 691 1723 ΊὙΜΒΟΣ
717 1700 839 1725 ΑΝΔΡΑ
864 1700 944 1724 ern-:1
969 1700 1095 1724 ΣοΦΩΝ

519 1750 623 1775 ΔΩΡΑ
646 1750 824 1775 ΜοΎΣΕΩΝ
847 1751 1006 1777 ΜΕΓῙΣΤΑ
1029 1751 1108 1775 ΤΩΝ

636 1800 833 1826 οΔεΞοΧοΝ
857 1802 988 1826 ΛΑΧΩΝ

548 1851 812 1876 ΑΡΠοΚΡΑτΙΩΝ
834 1852 929 1876 ΠΡΟΣ
954 1852 1083 1876 ΑΣΤΩΝ

585 1902 665 1927 'rius
692 1903 822 1927 MAKAP
843 1903 1041 1927 ΚΛΕΙΖΕΤΑῙ

531 1953 649 1977 ΟΎΝΕΚ
669 1954 716 1978 HN
739 1954 863 1978 ΡΗΤΩΡ
885 1954 960 1978 ΜΕΝ
983 1954 1100 1979 ΕῙΠΕΙΝ

546 2005 754 2030 ΦΙΛΟΣΟΦΟΣ
779 2006 804 2030 Δ
829 2006 853 2030 Α
877 2006 949 2030 ΧΡΗ
969 2006 1086 2030 NOElN.

87 2075 313 2126 Praeceptor
342 2074 417 2113 mei
446 2075 744 2121 amantissimus,
767 2076 866 2114 Dav.
890 2077 1156 2123 Ruhnkenffls,
1185 2078 1250 2116 cui
1281 2078 1380 2116 hanc
1408 2078 1546 2117 inscri-

85 2138 257 2190 ptionem
278 2137 418 2183 debeo,
436 2151 496 2175 me
524 2137 684 2185 monuit,
702 2146 841 2177 'versus
861 2152 945 2177 esse
966 2139 1196 2187 trochaicos‚
1218 2139 1295 2178 hoc
1314 2140 1431 2179 modo
1451 2153 1546 2179 con-

88 2198 327 2239 stituendos:

247 2277 404 2331 Σμικρὸς
423 2279 466 2315 οὓ
487 2277 638 2329 σμικρὸν
657 2279 831 2317 namma-‹2›
851 2278 995 2331 τύμβος
1015 2278 1131 2332 ἄνδρ’,
1152 2280 1229 2318 ἐπεὶ
1249 2287 1374 2334 σοφῶν

246 2338 356 2392 Δῶρα
376 2339 562 2380 Βίουσέων
580 2344 759 2392 μέγιστα,
780 2348 852 2379 τῶν
873 2341 923 2379 ὅδ’
942 2341 1072 2393 ἔξοχον
1092 2345 1227 2394 λαχὼν

242 2403 524 2453 Ἀρποκρατίων
539 2403 630 2452 πρὸς
649 2404 774 2441 ἀστῶν
794 2405 872 2454 τρὶς
888 2403 1012 2454 μάκαρ
1032 2405 1226 2451 κλεΐζεται,

246 2463 377 2503 Οὕνεκ’
397 2463 441 2510 ἧν
456 2465 573 2516 ῥήτωρ
596 2463 664 2516 μὲν
685 2468 816 2512 εἰπεῖν,
837 2467 1040 2519 φιλόσοφος
1061 2465 1088 2504 δ’
1108 2469 1133 2504 ἃ
1152 2468 1227 2518 χρὴ
1248 2471 1360 2505 νοεῖν.

89 2551 338 2602 Quamquam
358 2551 460 2589 idem
482 2551 692 2598 fatebatur,
712 2566 768 2591 vs.
789 2557 827 2592 2.
849 2552 996 2603 aliquid
1021 2565 1222 2604 superesse
1244 2552 1528 2591 difficultatis*

81 2668 83 2670 Ι
143 2612 260 2658 Satis,
294 2613 334 2650 ni
367 2612 492 2660 fallor,
527 2614 888 2660 demonstravimus,
922 2614 1200 2665 Thucydidem
1231 2615 1281 2652 ab
1300 2614 1548 2665 Antiphonte

90 2687 174 2712 esse
193 2675 400 2714 eruditum.
456 2675 535 2714 Sed
557 2682 766 2727 antequam
795 2676 886 2714 hinc
913 2676 1176 2724 discedamus,
1198 2676 1403 2727 diligenter
1430 2688 1549 2714 excu-

134 2767 152 2787 *
169 2769 334 2800 Gallandus
355 2775 455 2810 putat,
477 2771 676 2811 Epitaphium
694 2782 761 2802 esse
778 2770 1045 2810 Harpocrationis‚
1062 2772 1149 2810 cujus
1164 2775 1266 2802 exstat
1286 2770 1424 2800 Lexicon
1442 2771 1550 2800 decem

93 2812 268 2842 Rhetormn.
312 2814 373 2843 Sed
389 2825 457 2845 cum
474 2818 520 2844 tot
536 2816 649 2845 fuerint
664 2816 817 2855 Sophistae
833 2815 890 2844 hoc
906 2815 1038 2849 nomine,
1054 2815 1126 2854 quis
1142 2815 1270 2849 dixerit,
1284 2814 1334 2843 cui
1350 2814 1472 2843 illorum
1491 2814 1550 2843 hoc

91 2855 290 2894 Epitaphium
313 2857 445 2895 positum
462 2858 520 2888 sit?
546 2859 664 2888 Dubito
681 2858 784 2893 etiam,
799 2869 835 2888 an
857 2858 1086 2897 Harpocration
1111 2857 1374 2896 Lexicographus,
1390 2861 1456 2887 ortu
1476 2857 1551 2887 Ale-

91 2897 270 2933 xandrinus,
289 2898 419 2929 Athenis
441 2901 593 2938 docuerit,
617 2901 665 2932 vel
692 2901 769 2931 adeo
795 2901 875 2931 diem
901 2901 1010 2931 obierit
1035 2911 1223 2940 supremum.
1267 2900 1551 2941 Constantinopolin

93 2946 235 2971 vooatum
259 2951 338 2977 esse,
360 2946 446 2982 patet
465 2953 482 2972 e
503 2944 630 2975 Libanio
653 2945 711 2985 Ep.
729 2947 803 2974 271.
848 2945 886 2975 P.
902 2944 976 2974 AElii
1003 2943 1270 2983 Harpax-sationis,
1288 2942 1339 2982 qni
1363 2947 1394 2973 et
1419 2944 1552 2975 Proolus

91 2983 193 3015 dictus
209 2987 269 3021 est,
285 2985 461 3016 memoriam
477 2991 641 3019 conservat
657 2987 736 3027 lapis
752 2987 834 3027 apud
852 2987 1055 3019 Muratorium
1072 2987 1217 3027 inscript.
1234 2998 1264 3028 p.
1278 2988 1354 3023 138,
1370 2988 1401 3019 2.
