2912 4368
965 824 1050 865 326
1258 823 1291 862 Ι.
1327 823 1454 863 ΟΤΤ.
1489 823 1767 865 SLUITERI
1802 822 2138 867 PRAEFATIO.

962 929 1081 975 lebat,
1102 929 1225 979 iisque
1257 930 1339 979 ipse
1371 929 1408 966 iu
1428 930 1494 966 illo
1516 932 1726 969 certamine
1750 944 1837 969 usus
1857 938 1916 968 est
1933 932 2170 970 Alcibiades.
2227 933 2272 970 Id
2289 946 2420 983 parum

962 991 1114 1028 diversa
1144 991 1294 1028 ratione
1317 991 1541 1029 Andocides
1571 1006 1610 1042 p.
1642 997 1705 1030 32.
1728 1008 1762 1030 v,
1794 998 1859 1034 2¹7.
1883 994 1945 1031 cd.
1976 994 2110 1042 steph.
2131 995 2361 1032 Plutarchus
2381 1009 2420 1045 p.

963 1057 1054 1091 196.
1073 1063 1110 1090 C.
1129 1058 1167 1090 et
1185 1063 1227 1090 D.
1247 1053 1442 1090 memoriae
1464 1054 1736 1104 prodiderunt.
1796 1056 1953 1098 Quanto
1974 1061 2099 1093 autem
2129 1057 2189 1093 vel
2220 1056 2420 1094 inhonore

963 1114 1023 1151 vel
1037 1114 1163 1151 timori
1178 1114 1293 1153 fuerit
1309 1115 1424 1153 socii>=
1440 1115 1676 1163 civitatibus,
1692 1117 1817 1167 liquet
1829 1131 1873 1155 ex
1889 1118 2010 1161 donis,
2028 1131 2115 1167 quoe
2130 1118 2202 1168 ipsi
2214 1118 2299 1155 Elin
2316 1120 2421 1156 eunti

962 1176 1226 1226 praebuerunt,
1246 1191 1333 1228 quae
1346 1177 1483 1215 eadem
1502 1185 1703 1216 recensent
1720 1179 1940 1216 Andocides
1955 1193 1994 1229 p.
2011 1183 2076 1217 33.
2097 1193 2132 1217 v.
2150 1185 2187 1217 3.
2205 1180 2268 1217 ed.
2286 1180 2419 1229 steph.

963 1237 1193 1276 Plutarchus
1215 1252 1256 1288 p.
1281 1244 1371 1277 196.
1395 1251 1432 1277 C.
1486 1240 1582 1278 Haec
1606 1241 1671 1290 qui
1693 1240 1834 1287 videat,
1856 1247 1894 1278 et
1916 1242 2120 1279 Oratorem
2141 1255 2229 1279 cum
2260 1240 2419 1290 Biogra⁶

962 1300 1043 1349 pho
1059 1307 1270 1351 comparet,
1302 1302 1362 1338 vel
1392 1302 1572 1352 opinetur
1601 1316 1757 1341 necesse
1777 1309 1851 1348 est,
1873 1304 2011 1341 lectam
2034 1318 2057 1342 a
2075 1304 2283 1341 Plutarcho
2304 1303 2419 1341 fuisse

963 1362 1179 1400 Andocidis
1202 1363 1440 1409 Orationem,
1463 1364 1535 1411 vel,
1557 1365 1587 1402 si
1609 1365 1647 1402 id
1669 1366 1790 1404 minus
1817 1366 1968 1415 probet,
1991 1366 2028 1403 in
2048 1380 2131 1404 eam
2151 1366 2298 1404 incidat
2312 1366 2419 1416 cogi„

965 1423 1162 1469 tationem,
1182 1424 1244 1462 hic
1267 1425 1358 1462 item
1374 1425 1557 1463 Rhetoris
1578 1426 1752 1465 fraudem
1774 1428 1904 1473 latere,
1927 1427 1992 1478 qui
2014 1441 2082 1467 sua
2103 1442 2148 1466 ex
2168 1428 2316 1475 eodem,
2340 1441 2419 1477 quo

965 1486 1208 1536 Plutarchus,
1229 1488 1368 1526 horreo
1390 1488 1685 1538 deprompserit.
