1818 3189
252 169 339 197 xxx
571 191 577 193 .
617 151 968 195 RUHNKENII
1003 152 1152 195 HIST.
1185 153 1340 196 CRIT.

248 268 385 307 έόωκαν
410 268 496 310 τοὺς
525 266 663 309 παῖδας
691 272 768 308 τοῖς
798 266 940 312 ἕνδεκα,
970 266 1243 318 Μενεσαίχμου
1267 265 1335 316 μὲν
1363 267 1702 316 κατηγορήσαντος,

249 331 493 381 γραψαμένου
519 328 555 365 δὲ
573 327 853 378 Θρασυκλέους.
902 328 968 366 Sic
988 328 1104 366 etiam
1126 328 1164 365 in
1185 327 1397 364 Plutarcho
1426 326 1517 377 legit
1538 326 1703 364 Photius

248 392 274 428 l.
296 405 332 429 c.
359 404 397 441 p.
426 394 541 429 1486.
573 395 614 428 ut
640 390 891 439 intelligatur,
920 403 996 427 non
1027 403 1160 428 recens
1187 394 1334 436 natum,
1355 388 1422 426 sed
1451 389 1705 426 inveteratum

248 452 429 490 mendum
457 464 554 489 esse.
595 451 718 501 Lege:
739 474 792 480 —
820 452 1067 503 γραψαμένου
1095 451 1131 489 δὲ
1157 451 1426 502 Βίοιροκλέους.
1488 450 1588 487 Nam
1611 450 1707 487 Μω-

248 513 372 550 rocles
394 512 563 562 Lycurgi
583 512 726 549 liberos
747 513 784 549 in
805 525 1001 551 carcerem
1017 512 1202 561 conjecit.
1260 511 1513 549 Demosthen.
1535 511 1609 561 Ep.
1628 510 1703 547 ΙΙΙ.

249 575 278 610 εἰ
299 572 334 610 δὲ
354 572 569 622 Μοιροκλῆς
591 573 843 624 ἀποκρίνεται,
864 578 979 610 ταῦτα
999 573 1069 624 μὲν
1092 577 1280 623 σοφώτερα
1299 573 1320 616 ἢ
1342 570 1424 608 καθ’
1443 570 1575 609 ἑαυτὸν
1594 569 1701 608 εἶναι·

246 633 308 671 ἵνα
326 633 361 671 δὲ
380 636 429 684 μὴ
445 633 670 685 ἀποδρῶσιν,
687 630 798 676 οὗτος
817 635 952 677 αὐτοὺς
968 633 1104 680 δῆσαι.,
1120 639 1196 671 etc.
1215 632 1448 683 Thrasycles
1464 632 1704 684 ‚Pylagoras,

245 701 304 733 est
325 695 429 745 apud
451 695 625 733 AEschin.
647 709 686 735 e.
708 695 883 747 Ctesiph.
905 700 936 743 ξ.
957 695 1027 742 λη’.

307 757 480 794 XXXV.
517 757 802 795 POLYEUCTI.
869 759 959 794 Duo
999 757 1073 795 hoo
1114 756 1268 794 nomine
1305 755 1492 795 Oratores
1532 755 1701 792 fuerunt.

245 817 396 856 Primus
416 825 489 863 est,
512 819 579 867 qui
600 819 827 865 orationem,
847 819 896 855 ab
916 818 991 856 alio
1014 819 1051 855 in
1073 819 1274 856 Socratem
1296 818 1494 867 scriptam,
1516 816 1702 854 recitavit.

246 878 484 916 Phavorinus
499 879 602 929 apud
628 880 794 930 Diogen.
817 880 943 917 Laert.
959 879 1013 916 II.
1035 883 1099 917 38.
1122 879 1188 916 ubi
1210 878 1414 928 Menagius
1436 877 1534 915 male
1557 876 1702 915 intelli-

245 940 300 989 git
321 941 575 990 Polyeuctum
607 940 842 989 Sphettium.
901 940 1046 977 Contra
1074 939 1177 976 hunc
1204 939 1415 976 orationem
1444 938 1600 988 scripsit
1620 938 1704 975 An-

244 1001 395 1050 tiphon.
417 1001 709 1038 Grammaticus
729 1000 1095 1050 Sangermannensis
1117 999 1206 1036 MS.
1234 998 1449 1045 Ἀναδέξαι,
1469 996 1549 1036 οἷον
1568 998 1705 1047 ἐγγυῆ-

245 1078 308 1100 σαι
325 1064 512 1114 Ἀντιφῶν
539 1062 631 1113 πρὸς
658 1062 911 1105 Πολύευκτον,
935 1061 1162 1113 Δεινόλοχος
1188 1058 1368 1108 Ἀλθαίᾳ.
1425 1059 1547 1104 Alter,
1578 1059 1702 1096 multo

243 1124 397 1171 clarior,
417 1129 476 1161 est
497 1123 714 1173 Sphettius,
736 1122 969 1160 dissentiens
996 1121 1056 1158 ille
1085 1120 1246 1170 quidem
1275 1120 1314 1157 in
1347 1132 1464 1157 causa
1484 1119 1661 1156 Midiana
1681 1133 1702 1157 a

245 1186 526 1231 Demosthene,
546 1194 587 1222 ut
610 1191 718 1235 patet
745 1197 791 1221 ex
815 1183 989 1220 Midiana
1008 1186 1040 1230 ξ.
1061 1181 1136 1219 w.
1161 1181 1226 1218 sed
1250 1181 1287 1218 in
1310 1180 1509 1230 republica
1532 1180 1704 1231 gerenda

246 1245 523 1284 Demosthenis
552 1246 738 1282 rationem
768 1245 819 1282 ita
847 1250 1020 1291 secutus,
1041 1250 1082 1281 ut
1109 1243 1171 1280 ille
1199 1242 1510 1292 conjunctiorem
1531 1242 1703 1293 ²haberet

244 1308 448 1346 neminem.
507 1307 882 1345 Pseudo-Plutarch.
906 1306 930 1344 l.
954 1319 988 1342 c.
1010 1318 1048 1355 p.
1069 1308 1160 1342 844.
1189 1304 1230 1342 F.
1253 1311 1291 1341 et
1313 1304 1451 1342 Liban.
1472 1304 1584 1341 Toni.
1606 1303 1638 1341 I.
1659 1317 1700 1354 p.

241 1373 334 1409 409.
363 1370 408 1407 Β.
431 1374 522 1408 422.
547 1371 594 1407 A.
638 1369 735 1406 Cum
765 1368 1029 1405 Demosthene
1058 1372 1096 1403 et
1124 1365 1206 1402 aliis
1237 1365 1387 1414 legatus
1417 1365 1553 1402 missus
1582 1371 1638 1402 est
1662 1365 1699 1402 in

147 1436 223 1470 158
244 1432 565 1482 Peloponnesum.
624 1429 878 1467 Demosthen.
903 1427 1002 1467 Phil.
1024 1427 1098 1464 III.
1124 1431 1154 1474 ξ.
1179 1427 1229 1465 ιε’.
1259 1433 1297 1463 et
1318 1426 1698 1465 Pseudo-Plutarch.

240 1492 266 1530 l.
288 1506 323 1531 e.
341 1505 379 1543 p.
397 1496 489 1530 841.
505 1492 551 1529 E.
607 1491 820 1540 Aliquanto
837 1495 926 1539 post
944 1488 1056 1526 aliam
1074 1488 1122 1525 ad
1141 1486 1315 1525 Arcadas
1331 1487 1561 1537 legationem
1575 1500 1701 1526 susce-

239 1555 309 1605 pit.
366 1552 741 1591 Pseudo-Plutarch.
769 1551 794 1588 l.
817 1564 852 1588 c.
881 1563 919 1600 p.
941 1553 1031 1588 846.
1061 1549 1107 1586 C.
1166 1548 1320 1586 Crimen
1347 1547 1430 1584 auri
1450 1548 1500 1584 ab
1522 1548 1696 1597 Harpalo

239 1615 393 1666 accepti
416 1615 452 1652 in
472 1626 559 1652 eum
573 1612 673 1662 jacit
696 1611 918 1648 Dinarchus
937 1623 973 1647 c.
997 1608 1200 1651 Demosth.
1223 1612 1252 1655 ξ.
1273 1608 1330 1654 ιη’.
1352 1607 1465 1657 cujus
1482 1621 1560 1646 non
1581 1622 1696 1647 unam

238 1677 422 1715 adversus
442 1675 549 1712 illum
570 1673 783 1711 orationem
811 1670 1068 1709 Grammatici
1090 1669 1263 1707 laudant.
1321 1669 1505 1718 Corporis
1525 1670 1696 1708 obesita-

238 1745 329 1782 tem,
349 1750 435 1788 quae
455 1736 651 1773 dicentem
669 1732 891 1783 impediret,
911 1732 947 1769 in
970 1744 1015 1768 eo
1036 1731 1120 1769 risit
1142 1730 1329 1768 Phocion.
1346 1730 1545 1769 Plutarch.
1566 1731 1692 1771 Phoc.

234 1811 276 1849 p.
295 1803 387 1839 476.
405 1800 453 1835 A.
501 1795 710 1834 Luxuriam
731 1798 840 1832 notat
857 1791 1153 1831 Anaxandrides
1173 1791 1275 1841 apud
1295 1791 1440 1828 Athen.
1455 1792 1525 1829 IV.
1542 1805 1581 1842 p.
1600 1796 1691 1831 166.

234 1861 286 1898 D.
327 1859 423 1908 Ejus
442 1858 490 1896 de
512 1857 780 1895 Demosthene
805 1861 843 1892 et
865 1854 1064 1892 Phocione
1083 1852 1275 1903 judicium
1294 1852 1374 1890 hoc
1394 1851 1487 1891 fuit:
1517 1855 1695 1904 μέγιστος

234 1920 303 1971 μὲν
334 1920 451 1971 ῥήτωρ
482 1917 744 1970 Δημοσθένης,
780 1916 1038 1956 δυνατώτατος
1068 1913 1104 1951 δὲ
1136 1916 1254 1951 εἶτε-εἶν
1283 1913 1446 1954 Φωκίων.
1494 1913 1692 1967 Plutarch.

238 1981 442 2019 Demosth.
472 1982 504 2026 ξ.
535 1980 566 2017 ι’.
607 1979 727 2017 Phoc.
758 1991 796 2028 p.
825 1980 916 2018 753.
945 1975 988 2012 F.
1028 1974 1145 2012 Polit.
1166 1987 1285 2025 praec.
1307 1988 1347 2025 p.
1369 1978 1461 2013 803.
1483 1975 1528 2012 E.
1581 1976 1694 2014 Judi-

235 2042 337 2081 cium
359 2043 408 2080 de
431 2041 629 2087 AEschine,
656 2040 762 2091 quod
789 2039 950 2076 Photius
976 2037 1076 2075 Cod.
1103 2038 1207 2075 LXI.
1235 2050 1273 2087 p.
1294 2040 1359 2074 62.
1387 2036 1436 2074 ad
1462 2037 1692 2088 Dionysium

235 2103 460 2154 Sophistam
488 2102 620 2149 refert,
643 2101 812 2138 Tzetzes
843 2098 1007 2137 Scholiis
1039 2098 1151 2135 MSS.
1182 2097 1219 2134 in
1243 2098 1528 2146 Hermogenem
1558 2098 1694 2136 tribuit

234 2164 465 2215 PolyeuctO,
488 2163 588 2200 haud
611 2162 729 2200 dubie
751 2161 828 2198 duo
849 2161 999 2198 diversa
1015 2159 1168 2209 judicia
1188 2159 1447 2197 confundens.
1483 2160 1694 2198 Orationes

234 2226 436 2277 Polyeucti
474 2225 682 2263 laudantur
717 2224 767 2261 ab
795 2221 1004 2260 Aristotele
1031 2221 1193 2258 Rhemn
1223 2221 1296 2258 ΙΙΙ.
1325 2233 1365 2271 p.
1392 2225 1485 2261 749.
1512 2228 1552 2259 et
1576 2221 1691 2272 Diog.

234 2289 361 2326 Laert.
378 2287 446 2324 VI.
460 2291 526 2325 23.
566 2287 731 2336 Elegans
751 2283 949 2334 imprimis,
967 2282 1147 2332 quamvis
1162 2282 1311 2333 aliquot
1332 2282 1482 2320 mendis
1502 2283 1693 2326 deforma-

233 2354 389 2394 matum,
407 2361 452 2385 ex
468 2348 640 2384 oratione
657 2352 794 2384 contra
809 2344 1023 2382 Demadem
1041 2343 1297 2393 fragmentum
1313 2348 1370 2380 est
1383 2343 1487 2393 apud
1502 2345 1692 2395 Apsinem

234 2411 320 2447 Art.
342 2409 453 2446 Rhet.
475 2421 512 2458 p.
533 2412 625 2448 708.
674 2407 723 2444 Τί
745 2409 817 2456 γάρ
839 2412 968 2458 σχῆμα
987 2404 1071 2451 ἕξει;
1101 2407 1168 2450 τὴν
1188 2404 1331 2443 α’σπίδα
1352 2404 1616 2454 προβέβληται
1645 2407 1690 2459 (s,

231 2469 572 2522 προβεβληκότος);
596 2471 698 2506 α’λλεὶ
720 2468 855 2514 ταύτην
877 2483 920 2515 γε
939 2465 1135 2513 ἀπέβαλεν
1147 2466 1188 2504 ἐν
1203 2468 1247 2519 τῇ
1262 2466 1366 2520 μάχῃ
1384 2469 1428 2517 τῇ
1446 2469 1525 2517 περὶ
1544 2467 1691 2519 Χαιρώ-

232 2547 351 2570 νειαν.
374 2532 484 2567 α’λλα“
507 2531 755 2580 α’κροστόλιον
775 2531 864 2571 νεὼς
888 2527 975 2574 ἕξεις
1005 2531 1136 2571 ποίας;
1167 2527 1188 2572 τ’)
1214 2533 1278 2572 τῆς
1304 2534 1366 2564 τοῦ
1393 2530 1554 2579 πατρός;
1585 2531 1691 2568 α’λλοῖ

231 2591 390 2640 βιβλίον
415 2591 454 2628 ἐν
477 2588 505 2642 ᾧ
526 2590 656 2641 φάσεις
677 2591 736 2627 καὶ
756 2590 998 2638 εἰσαγγελίαι
1027 2588 1177 2627 ἔσονται
1201 2590 1489 2639 γεγραμμέναι;
1522 2592 1626 2628 α’λλά
1648 2594 1692 2638 νὴ

233 2655 305 2690 Δία
327 2654 502 2696 στήσεται
523 2653 819 2703 προσευχόμενος
842 2656 919 2693 τοῖς
940 2649 1056 2698 ἓεοῖς,
1077 2652 1253 2693 κακόνους
1280 2651 1331 2688 ὢν
1354 2654 1398 2704 τῇ
1419 2653 1538 2700 πόλει,
1565 2655 1625 2690 καὶ
1644 2657 1691 2692 τά

234 2715 386 2751 ἐναντία
406 2718 525 2751 πᾶσιν
544 2715 633 2763 ἡμῖν
652 2714 869 2763 εὐχόμενος,
886 2712 993 2749 α’λλιὶ
1006 2717 1084 2755 τοῖς
1098 2710 1256 2762 ἐχθροῖς
1275 2712 1474 2763 ὑπηρετῶν.
1497 2714 1562 2752 ubi
1579 2715 1690 2753 mirc-

236 2780 298 2811 tur
314 2775 468 2824 aliquis,
486 2773 591 2824 quod
609 2773 844 2823 Polyeuctus
864 2772 971 2818 dicit,
992 2773 1205 2810 Demadem
1226 2773 1263 2810 in
1284 2773 1421 2823 proelio
1438 2773 1692 2814 Chaeroneusi

239 2841 388 2872 scutum
417 2834 621 2883 abjecisse.
690 2834 790 2871 Nam
828 2834 1144 2880 Demosthenem,
1179 2840 1290 2871 scuto
1326 2833 1497 2883 abjecto,
1530 2835 1688 2886 fugisse,

241 2896 450 2934 Demadem
472 2896 509 2933 in
530 2897 612 2933 acie
633 2902 787 2945 captum
810 2908 905 2942 esse,
929 2896 1026 2933 iuter
1046 2908 1180 2933 omnes
1201 2894 1410 2944 scriptores
1429 2903 1594 2935 constat.
