1818 3189
283 210 363 254 184
759 209 795 251 I.
825 206 951 251 OTT.
982 205 1256 250 SLUITERI

278 318 356 357 vid.
379 319 449 357 Or.
468 317 517 356 de
535 316 632 356 Red.
650 330 691 368 p.
710 320 776 356 23.
805 316 888 355 init.
908 316 957 356 de
977 317 1099 368 Myst.
1123 329 1161 367 p.
1184 320 1248 354 18.
1269 327 1306 352 ν.
1323 316 1389 352 25.
1410 326 1520 364 seqq.
1549 325 1589 364 p.
1607 317 1673 353 19.
1694 327 1731 352 v.

278 384 318 422 ’7.
338 393 449 432 seqq.
470 379 551 431 [ed.
572 378 711 430 Steph.
730 385 770 417 et
793 380 851 417 sic
871 377 1046 429 passim],
1068 377 1134 416 ubi
1155 382 1309 427 gentem
1333 387 1440 414 suam
1459 380 1593 417 vocat:
1615 375 1735 415 οἰκίαν

279 448 412 481 πασῶν
432 440 689 492 ἀρχαιοτάτην
708 442 768 478 καὶ
786 441 999 487 κοινοτάτην
1013 441 1071 477 ἀεὶ
1090 445 1161 477 τῶν
1181 438 1374 489 δεομένων.
1414 437 1557 487 Neque
1572 435 1736 487 injuria;

280 498 471 553 siquidem
493 501 623 553 stirpis
639 515 719 540 suae
738 508 936 541 auctorem
957 500 1129 539 ferebant
1147 499 1425 538 Telemachum
1446 497 1596 549 Ulyssis
1613 496 1736 536 filium

279 571 398 615 atque
420 565 544 615 ipsum
564 564 663 602 adeo
684 563 944 602 Mercurium:
975 564 1024 601 ab
1046 563 1185 614 Ulysse
1206 561 1330 613 gentis
1351 559 1534 611 originem
1554 565 1738 611 repetunt

280 626 511 664 Plutarchus
529 625 567 662 in
579 624 783 662 Alcibiade
804 637 843 675 p.
859 628 953 662 201.
971 623 1033 669 Ε.,
1046 622 1187 661 Suidas
1203 635 1238 661 v.
1257 621 1489 668 Ἀνδοκίδης,
1506 620 1683 659 Eudocia
1696 621 1736 659 in

279 686 448 731 Violet0,
475 686 514 723 in
535 685 685 725 Anecd.
716 686 789 723 Gr.
810 684 1012 722 Villoisoni
1034 690 1061 722 t.
1082 684 1114 722 I.
1137 697 1177 734 p.
1198 687 1275 728 584
1303 696 1326 721 a
1347 683 1543 721 Mercurio
1563 681 1738 721 Pseudo-

280 747 510 786 Plutarchus
529 753 569 786 et
588 747 765 794 Photius,
792 747 858 798 qui
880 759 1012 785 omnes
1033 744 1117 796 ejus
1140 745 1341 784 sententiae
1361 751 1559 783 auctorem
1578 744 1740 783 laudant

282 810 541 848 Hellanicum.
596 810 687 848 Non
707 815 790 846 erat
810 814 938 847 tamen
958 808 1064 858 quod
1084 814 1289 858 propterea
1308 806 1737 845 Pseudo-Plutarchum

280 872 393 911 malae
412 871 504 910 fidei
523 878 724 910 accusaret
741 870 953 922 Taylorus,
970 876 1012 908 ut
1031 869 1184 921 egregie
1207 869 1345 907 docuit
1365 869 1415 906 D.
1431 868 1680 908 Ruhnkenius
1699 869 1739 906 in

282 934 430 973 Histor.
450 934 547 971 Crit.
566 934 635 972 Or.
657 935 730 971 Gr.
751 945 791 982 p.
812 936 877 971 49.
934 931 1108 970 Proavus
1137 931 1237 969 enim
1259 930 1407 981 Ulyssis
1435 936 1629 968 maternus
1656 935 1741 968 erat

282 995 501 1034 Mercurius
526 1000 624 1033 teste
654 994 799 1033 Ovidio
826 993 1091 1044 Metamorph.
1114 993 1139 1032 l.
1161 992 1278 1030 XIII.
1300 1005 1334 1028 v.
1356 995 1445 1030 146.
1475 991 1525 1030 ad
1554 1005 1594 1044 q.
1615 991 1641 1031 l.
1659 990 1740 1029 vid.

283 1059 537 1096 Burmannus.
599 1056 752 1108 Nempe
785 1063 910 1095 mater
936 1056 1088 1108 Ulyssis
1114 1061 1197 1093 erat
1221 1054 1405 1093 Anticlea
1430 1054 1617 1107 Autolyci
1647 1053 1741 1100 filia,

283 1120 389 1172 quod
409 1124 563 1159 constat
581 1132 629 1158 ex
648 1119 818 1157 Homero
835 1117 914 1157 Od.
934 1118 988 1156 A.
1009 1132 1046 1158 v.
1064 1122 1127 1156 84.
1184 1117 1401 1168 Autolycus
1420 1122 1549 1156 autem
1567 1131 1616 1156 ex
1635 1117 1743 1156 Mer-

283 1182 381 1220 curii
400 1195 489 1221 cum
505 1180 655 1220 Chione
675 1180 888 1220 concubitu
908 1186 1020 1218 natus
1041 1193 1123 1218 esse
1143 1179 1391 1219 credebatur.
1447 1179 1538 1218 Vid.
1555 1178 1742 1218 Ovidium

252 1254 254 1257 ·
282 1244 544 1295 Metamorph.
564 1244 590 1281 l.
607 1244 679 1282 xl.
695 1257 730 1282 v.
751 1247 843 1282 311.
865 1242 995 1294 ibique
1016 1243 1209 1293 Interpp„
1225 1241 1420 1293 Hyginum
1441 1241 1537 1280 Fab.
1557 1245 1650 1280 201.

336 1306 475 1357 Neque
495 1317 587 1343 vero
607 1304 800 1343 heroicam
828 1303 928 1342 hanc
951 1303 1075 1354 gentis
1095 1302 1338 1341 Andocideae
1356 1302 1543 1352 originem
1563 1308 1741 1353 postero-

284 1380 369 1406 rum
396 1368 552 1406 fortuna
580 1365 825 1411 obscuravit;
855 1366 921 1403 sed
953 1377 1101 1410 eorum,
1134 1365 1182 1402 de
1213 1365 1354 1415 quibus
1380 1363 1529 1414 aliquid
1549 1364 1744 1403 memoriae

286 1429 484 1480 proditum
505 1434 578 1474 est,
597 1428 724 1466 nullus
743 1428 831 1473 fuit,
857 1427 950 1477 quin
972 1427 1064 1465 satis
1092 1426 1236 1464 clarum
1263 1427 1302 1464 in
1323 1426 1540 1477 Republica
1565 1426 1747 1465 hahuerit

286 1504 426 1529 nomen
457 1496 497 1528 et
527 1502 606 1528 non
640 1489 817 1540 exiguam
848 1488 1132 1527 auctoritatem.
1196 1488 1327 1533 Quum
1358 1488 1475 1534 enim,
1505 1501 1693 1540 oppressa
1723 1501 1748 1526 a

288 1551 546 1591 Pisistratidis
565 1551 763 1602 libertate,
788 1550 1046 1589 Athenienses
1076 1550 1206 1588 omnia
1233 1550 1450 1602 tyrannidis
1475 1551 1575 1589 mala
1596 1550 1664 1589 diu
1684 1555 1746 1589 tu·

284 1614 431 1661 iissent,
446 1625 493 1652 ac
508 1612 663 1652 tandem
673 1612 839 1660 exsules,
852 1611 1235 1651 Lacedaemoniorum
1256 1612 1379 1664 adjuti
1393 1612 1578 1659 exercitu,
1593 1612 1746 1664 Tyran-

285 1689 357 1715 nos
373 1680 644 1727 oppugnarent
661 1682 701 1714 et
713 1675 877 1713 Athenis
893 1674 1129 1726 expellerent
1143 1674 1238 1723 (vid.
1253 1674 1478 1713 Herodotus
1498 1674 1523 1712 l.
1536 1675 1584 1713 V.
1604 1688 1639 1712 c.
1652 1675 1747 1724 64.),

286 1737 426 1776 civium
447 1737 569 1788 copiis
589 1736 790 1788 praefuisse
810 1737 1024 1787 Leogoram
1044 1748 1229 1787 proavum
1250 1749 1360 1774 suum
1380 1742 1516 1775 auctor
1534 1741 1593 1775 est
1612 1735 1747 1774 Ando-

289 1800 395 1839 cides
413 1800 460 1838 de
482 1800 602 1851 Myst.
622 1812 661 1850 p.
681 1803 743 1838 14.
756 1812 792 1839 V.
812 1798 938 1838 21.οἱ
958 1802 1032 1849 γὰρ
1050 1801 1202 1849 πατέρες
1223 1799 1258 1838 οἱ
1275 1801 1452 1852 ὑμέτεροι,
1474 1801 1684 1851 γενομένων
1702 1802 1750 1856 τῇ

289 1866 396 1901 πόλει
410 1870 528 1902 κακῶν
547 1863 743 1914 μεγάλων,
764 1862 824 1902 ὅτε
843 1864 878 1901 οἱ
897 1863 1069 1914 τῦραννοι
1087 1863 1160 1913 μὲν
1179 1861 1286 1914 εἶχον
1304 1864 1371 1908 τὴν
1390 1863 1515 1908 πόλιν,
1535 1862 1554 1899 ὁ
1574 1861 1614 1899 δὲ
1633 1860 1748 1914 δῆμος

288 1924 412 1977 ἔφυγε,
442 1927 656 1971 νικήσαντες
684 1926 895 1977 μαχόμενοι
925 1923 1010 1967 τοὺς
1034 1924 1237 1975 τυράννους
1260 1923 1317 1961 ἐπὶ
1338 1922 1561 1976 Παλληνίῳ,
1593 1939 1747 1973 στρατη-

291 1992 447 2035 γοῦντος
466 1981 668 2039 Λεωγόρου
687 1995 750 2025 τοῦ
779 1986 1003 2037 προπάππου
1024 1991 1087 2025 τοῦ
1115 1986 1218 2037 ἐμοῦ,
1242 1987 1300 2023 καὶ
1316 1984 1533 2031 ΧΑΡΙΟΥ,
1552 1983 1594 2023 οὗ
1611 1986 1748 2029 ἐκεῖνος

290 2050 356 2095 τὴν
376 2051 563 2101 θυγατέρα
582 2047 695 2101 εἶχεν,
724 2049 760 2096 ἐξ
782 2048 826 2095 ἧς
846 2050 865 2086 ὁ
882 2051 1059 2101 ἡμέτερος
1081 2047 1128 2095 ἦν
1146 2047 1313 2094 πάππος,
1342 2048 1583 2092 κατελθόντες
1609 2050 1662 2091 εἰς
1680 2050 1748 2094 τὴν

291 2110 468 2162 πατρίδα,
488 2109 572 2155 τοῦς
589 2112 660 2163 μὲν
680 2113 915 2158 ἀπέκτειναν,
942 2118 1015 2150 τῶν
1035 2109 1072 2149 δὲ
1100 2113 1223 2163 φυγὴν
1242 2113 1498 2159 κατέγνωσαν,
1523 2111 1608 2153 τοὺς
1627 2109 1664 2147 δὲ
1683 2111 1748 2161 μέ-

291 2189 368 2211 νειν
386 2172 425 2210 ἔν
445 2177 489 2228 τῇ
508 2173 614 2211 πόλει
631 2172 813 2216 ἐάσαντες
837 2177 1042 2225 ἠτίμωσαν.
1090 2174 1147 2211 At
1163 2173 1249 2223 quis
1270 2171 1425 2210 tandem
1440 2178 1501 2210 est
1522 2171 1595 2210 iste
1617 2172 1748 2210 CHA-

293 2234 446 2273 RIAS?
476 2235 697 2286 incognitus
719 2248 809 2273 sane
828 2235 868 2273 in
889 2235 1050 2273 historia
1067 2233 1220 2273 illorum
1240 2240 1478 2284 temporum:
1509 2239 1750 2285 quapropter

293 2295 513 2346 Stephanus
533 2295 619 2346 ejus
640 2296 727 2334 loco
759 2295 960 2334 substituit
985 2294 1238 2341 ΧΑΒΡΙΟΥ,
1258 2295 1449 2347 probante
1469 2293 1653 2339 Reiskio;
1682 2307 1750 2333 ne-

294 2370 369 2407 que
396 2370 457 2396 me
485 2358 647 2396 haberet
683 2358 988 2405 dissentientem,
1021 2358 1053 2395 si
1082 2356 1263 2396 Chabriae
1297 2356 1502 2407 cujusdam
1539 2355 1605 2394 illa
1634 2361 1750 2394 aetate

294 2419 527 2457 mentionem
547 2432 711 2471 usquam
731 2420 973 2458 invenissem.
1017 2420 1198 2458 Fortasse
1213 2419 1356 2458 rectius
1376 2423 1589 2469 reponatur
1607 2430 1749 2456 nomen

292 2479 568 2532 ΚΑΛΛΙΟΥ,
588 2482 701 2532 cujus
726 2481 1013 2521 acerbissimum
1032 2481 1104 2519 fuit
1123 2482 1161 2519 in
1182 2481 1424 2520 Pisistratum
1439 2479 1584 2527 odium,
1605 2480 1750 2530 quique

293 2542 397 2580 solus
415 2543 517 2580 bona
532 2543 706 2593 Tyranni
722 2556 849 2581 emere
865 2556 980 2581 ausus
1002 2549 1072 2589 est,
1091 2555 1208 2591 quum
1230 2543 1293 2581 hic
1313 2543 1452 2580 iterum
1468 2541 1631 2580 Athenis
1649 2547 1751 2580 esset

294 2603 456 2653 ejectus.
495 2603 587 2641 Vid.
609 2604 757 2642 Herod.
779 2605 803 2641 l.
825 2605 894 2643 VI.
911 2618 946 2642 c.
968 2609 1060 2643 121.
1079 2604 1143 2642 ubi
1159 2616 1248 2654 quae
1269 2603 1306 2641 in
1320 2603 1458 2641 Calliae
1477 2602 1629 2641 laudem
1650 2602 1750 2642 refe-

294 2671 443 2712 runtur,
470 2665 645 2716 quamvis
666 2665 716 2703 ab
741 2665 865 2703 aliena
885 2679 998 2704 manu
1019 2678 1103 2704 esse
1131 2678 1218 2703 cum
1240 2665 1328 2703 viris
1355 2664 1480 2703 doctis
1501 2665 1750 2704 statuendum

294 2727 482 2773 videatur,
511 2734 651 2773 tamen,
686 2726 779 2777 quin
810 2740 898 2765 vera
935 2727 1023 2774 sint,
1056 2740 1132 2765 non
1164 2733 1222 2765 est
1254 2726 1359 2777 quod
1395 2726 1631 2766 dubitemus.
1688 2727 1751 2765 De

293 2802 440 2839 proavo
470 2802 540 2827 suo
571 2788 671 2826 idem
704 2787 906 2827 confirmat
923 2789 1147 2827 Andocides
1172 2789 1221 2827 de
1251 2788 1345 2826 Red.
1367 2802 1406 2839 p.
1424 2792 1489 2827 23.
1510 2802 1547 2828 v.
1567 2787 1669 2827 2.‘O
1687 2796 1751 2827 τοῦ

293 2851 382 2901 ἐμοῦ
412 2851 551 2901 πατρὸς
578 2854 800 2902 πρόπαππος
829 2851 1047 2901 Λεωγόρας,
1081 2850 1290 2893 στασιάσας
1316 2851 1410 2900 πρὸς
1439 2850 1524 2894 τούς
1548 2852 1752 2902 τυράννους

292 2912 382 2963 ὑπὲρ
402 2918 465 2951 τοῦ
485 2912 613 2963 δήμου,
632 2913 711 2960 ἐξὸν
731 2915 827 2964 αὐτῷ
847 2912 1124 2964 διαλλαχθέντα
1145 2912 1188 2962 (l.
1207 2911 1497 2966 διαλλαχθέντι)
1517 2922 1582 2959 τῆς
1609 2911 1752 2964 ’ἔχθρας

295 2975 353 3009 καὶ
370 2978 556 3025 γενομένῳ
574 2973 727 3029 κηδεστῇ
747 2976 849 3024 ἄρξαι
869 2976 945 3024 μετ’
964 2974 1111 3011 ἐκείνων
1131 2980 1201 3011 τῶν
1222 2974 1365 3024 ἀνδρῶν
1385 2981 1448 3020 τῆς
1468 2977 1624 3020 πόλεως,
1639 2975 1755 3011 εἵλετο

292 3038 440 3085 μᾶλλον
468 3037 633 3076 ἐκπεσεῖν
662 3039 754 3088 perci
783 3041 846 3075 τοῦ
871 3035 1002 3086 δῆμον,
1034 3038 1093 3073 καὶ
1119 3039 1267 3087 φεύγων
1297 3038 1515 3074 κακοπαθεῖν
1548 3039 1712 3087 μᾶλλον,
1732 3037 1755 3080 ἢ
