1816 3272
396 244 730 289 LECTIONES
764 245 1163 290 ANDOCIDEAE.
1425 246 1509 290 215

59 361 100 394 et
116 353 166 394 de
187 354 308 406 Myst.
328 366 367 405 p.
388 359 428 394 1.
448 367 485 394 v-
499 358 566 394 21.
585 352 729 391 multos
749 365 789 391 se
811 352 954 392 habere
979 365 1092 405 agros
1111 354 1150 392 in
1171 354 1305 406 Cypro
1335 353 1411 392 sibi
1435 353 1509 393 do-

59 422 186 464 natos,
212 429 311 467 quos
332 416 414 454 sine
433 428 565 467 regum
593 414 742 453 illorum
771 414 884 452 venia
911 415 1053 454 habere
1074 429 1152 454 non
1173 415 1377 466 potuisset.
1433 415 1510 453 Po-

59 485 205 517 stremo
238 485 367 518 autem
400 478 490 516 loco
521 477 571 516 de
603 475 703 526 agris
735 475 866 514 dicere
900 476 1120 523 Oratorem,
1153 484 1194 516 et
1227 490 1298 528 pro
1331 479 1354 523 ἦ
1386 479 1510 524 πολλὴ

57 540 265 592 legendum
301 554 386 579 esse
422 546 472 589 γῆ
508 540 644 585 πολλὴ,
665 550 755 576 cum
793 551 856 577 res
901 538 987 590 ipsa
1033 539 1216 585 ostendit,
1253 546 1334 577 tum
1370 546 1513 591 praeter

56 601 258 642 Reiskium
275 603 422 642 viderat
440 600 741 640 Valckenaerius
761 600 846 638 Vir.
868 600 971 639 Clar.
1001 607 1041 639 et
1071 601 1109 638 iu
1130 600 1283 638 schedis
1303 601 1379 639 suis
1400 607 1511 640 nota—

55 672 177 704 verat.
233 665 321 705 Hoc
339 671 490 716 tempus
509 663 601 702 vitae
618 662 838 701 Andocidis
859 662 1271 702 Pseudo-Plutarchus
1289 663 1342 701 ita
1363 663 1511 702 descri-

58 727 137 780 psit
149 742 162 768 ε
181 728 304 772 Δεθεὶς
319 728 356 767 δὲ
371 727 442 767 ὑπὸ
460 730 598 766 τούτων
611 727 699 779 [τῶν
709 725 972 777 τετρακοσίων]
985 727 1045 764 καὶ
1060 725 1249 777 διαφυγὼν
1263 723 1384 775 αὖθις,
1403 727 1513 765 ὁπότε

57 789 243 838 κατελύθη
262 792 285 838 ἡ
304 789 528 844 ὀλιγαρχία,
551 789 698 836 ἐξέπεσε
717 797 783 835 τῆς
801 790 959 836 πόλεως,
978 794 1052 827 τῶν
1069 787 1266 839 τριάκοντα
1296 792 1363 833 τὴν
1388 789 1512 840 ἀρχὴν

57 842 372 903 παραλαβόντων·
392 853 546 897 οἰκήσας
566 851 606 890 δὲ
623 850 689 890 τὸν
707 857 772 897 τῆς
791 857 912 903 φυγῆς
931 851 1074 902 χρόνον
1092 849 1133 889 ἐν
1152 848 1288 896 Ἠλίδι,
1313 851 1511 888 κατελθόν-

57 929 132 952 των
156 919 229 953 τῶν
246 916 328 966 περὶ
349 912 637 964 Θρασύβουλον,
659 914 719 951 καὶ
739 912 851 956 αὒτός
868 911 955 959 ἧκεν
974 915 1025 956 εἰς
1046 915 1114 959 τὴν
1132 913 1258 951 πόλιν.
1315 912 1368 950 At
1388 913 1512 963 qualis

59 974 214 1013 demum
231 981 291 1014 est
305 975 370 1014 illa
389 982 609 1026 temporum
629 975 728 1013 ratio
740 974 760 1012 Ρ
789 974 840 1012 In
854 973 1031 1012 exsilium
1042 974 1139 1014 abiit
1149 977 1241 1025 post
1258 972 1513 1026 oligarchiam

56 1035 294 1084 dissolutam,
309 1050 426 1089 quum
442 1037 587 1076 XXX.
600 1037 779 1089 Tyranni
792 1038 993 1089 imperium
1008 1042 1265 1089 occupassent.
1296 1037 1405 1077 Inter
1416 1050 1513 1088 qua-

59 1097 286 1149 dringentos
304 1098 405 1137 enim
427 1103 466 1136 et
485 1098 620 1138 XXX.
642 1098 912 1150 Tyranuorum
933 1098 1236 1137 dominationem
1256 1103 1403 1150 septem
1423 1098 1514 1137 anni

59 1159 255 1210 interjecti
275 1166 376 1199 sunt.
433 1161 526 1198 Non
544 1159 662 1199 credo
682 1166 811 1199 tamen
833 1161 936 1199 hunc
954 1173 1038 1199 esse
1055 1173 1225 1199 errorem
1240 1160 1423 1206 auctoris,
1443 1160 1513 1199 sed

59 1222 218 1260 librarii.
274 1221 436 1260 Photius
455 1222 558 1259 enim
577 1221 615 1259 in
633 1234 703 1260 suo
724 1221 860 1260 codice
879 1222 990 1261 aliter
1006 1222 1112 1273 legit,
1129 1235 1216 1261 cum
1231 1222 1323 1260 'haec
1337 1222 1514 1261 Pseudo-

59 1282 260 1322 Plutarchi
273 1283 392 1321 verba
411 1282 451 1321 in
463 1282 745 1321 Bibliothecam
765 1296 872 1322 suam
891 1284 946 1322 ita
964 1283 1222 1322 transtulerit:
1242 1283 1367 1327 Δεθεὶς
1385 1283 1422 1322 δὲ
1442 1284 1513 1323 ὑπὸ

57 1345 194 1384 τούτων
212 1345 328 1382 πάλιν
348 1343 534 1396 διέφυγεν·
546 1344 654 1390 ἡνίκα
673 1342 710 1382 δὲ
727 1345 751 1390 ἡ
765 1344 975 1396 ὀλιγαρχία
991 1343 1189 1392 κατελύθη,
1203 1343 1430 1397 ἐφυγαδεύθη
1448 1352 1514 1391 τῆς

58 1408 214 1451 πόλεως·
235 1409 296 1445 καὶ
314 1407 355 1445 ἐν
371 1406 496 1445 Ἠλίδι
514 1406 580 1445 τὸν
598 1413 663 1452 τῆς
682 1413 803 1459 φυγῆς
821 1409 963 1459 χρόνον
983 1406 1195 1456 διατρίψας,
1217 1414 1291 1445 τῶν
1309 1409 1392 1459 περὶ
1409 1406 1513 1461 Qua-

59 1467 247 1517 σύβουλον
275 1469 591 1515 κατεληλυθότων,
617 1469 677 1505 καὶ
707 1469 819 1512 αὐτὸς
848 1467 1189 1517 συγκατελὴλυθεν.
1246 1468 1378 1513 Quare
1407 1474 1446 1508 et
1473 1469 1514 1509 in

58 1529 442 1568 Pseudo-Plutarcho
472 1528 527 1567 ita
555 1528 720 1567 sortasse
745 1528 1062 1567 rescribendum:
1092 1530 1236 1576 ἐξέπεσε
1263 1537 1329 1576 τῆς
1356 1533 1514 1579 πόλεως,

58 1599 133 1630 τῶν
151 1592 346 1645 τριάκοντα
367 1594 434 1638 τὴν
453 1592 576 1644 ἀρχὴν
590 1594 690 1630 οὔπω
707 1590 1028 1642 παραλαβόντωνῐ
1057 1595 1118 1630 vel
1134 1593 1272 1632 verba:
1302 1599 1375 1632 τῶν
1388 1585 1431 1632 Χ
1446 1596 1514 1640 τὴν

59 1655 182 1707 ἀρχὴν
200 1652 523 1706 παραλαβόντωνε
553 1666 640 1704 quae
658 1666 734 1736 pec
753 1653 915 1692 Photius
935 1653 1069 1701 habet,
1091 1654 1257 1694 delenda
1275 1661 1378 1694 sunt.

546 1919 728 1958 CAPUT
757 1920 1031 1965 QUINTUM.

63 2025 240 2057 Andocides
264 2025 373 2057 iterum
397 2038 525 2070 magnus
546 2028 576 2058 in
601 2029 739 2059 civitate.
792 2030 979 2061 Emendator
999 2030 1331 2062 Pseudo-Plutarchus.
1376 2031 1425 2062 De
1443 2031 1515 2070 jure

104 2069 274 2110 puellarum
291 2069 445 2112 ἐπικλήρων
461 2071 633 2102 disseritur.
676 2072 748 2102 Filii
766 2083 887 2104 sorores
905 2085 975 2104 suas
990 2076 1028 2104 ab
1044 2074 1215 2105 hereditate
1225 2079 1355 2113 paterna
1367 2075 1514 2105 exclude·

107 2114 198 2143 bant:
222 2112 290 2142 filiae
306 2114 415 2144 fratres
429 2115 550 2145 nothos.
595 2115 706 2145 Puella
724 2114 882 2158 ἔπίπςουιος
895 2128 1043 2157 qnaenam,
1056 2119 1129 2148 item
1153 2116 1299 2158 ἐπίκληρος
1319 2122 1350 2148 et
1373 2116 1513 2152 ἐπίδιιοςὲ

106 2156 156 2185 De
171 2156 299 2186 filiarum
315 2156 432 2196 nuptiis
447 2162 629 2188 testamento
642 2163 730 2197 pater
746 2159 946 2199 disponebat:
971 2160 997 2190 si
1011 2161 1038 2191 is
1057 2171 1117 2191 non
1131 2160 1268 2196 fecisset,
1284 2161 1364 2190 Lex.
1405 2158 1515 2191 Ἐπιδι·

61 2226 65 2231 ,
107 2197 252 2239 ιάζεσθαι
267 2200 319 2233 τῆς
333 2197 493 2239 ἐπικλήρου.
535 2201 647 2232 Tutela
660 2201 830 2233 mulierum.
875 2201 1048 2245 Ἀγχισ-πῒς
1063 2208 1095 2233 et
1111 2203 1283 2246 ἀγχίστεια.
1327 2203 1394 2233 Dos
1409 2213 1428 2233 a
1442 2213 1514 2243 cog-

104 2242 184 2272 natis
200 2242 310 2281 puellae
327 2241 468 2283 ἐπικλήρῳ
483 2243 593 2274 danda.
637 2243 821 2283 Εῖσαγγελία.
867 2245 1045 2286 Πρὸσκληο-ις
1071 2245 1138 2277 sive
1161 2245 1317 2286 πρόκλησις
1332 2246 1445 2275 evictio
1465 2248 1516 2280 *rie

105 2282 271 2324 ἐπικλήρου.
315 2285 496 2316 Jurisdietio
512 2287 551 2316 de
567 2285 605 2316 iis
622 2287 798 2317 Archontis.
843 2289 966 2330 Epilyci
982 2290 1062 2319 filiae.
1107 2290 1236 2329 Lcager.
1280 2288 1393 2319 Callias
1408 2288 1514 2319 Ando-

105 2326 169 2357 cidi
192 2327 277 2358 litem
299 2333 397 2367 parat.
449 2329 642 2368 Cephissius.
695 2330 880 2370 Agyrrhins.
934 2332 1119 2372 Explicatur
1146 2331 1334 2363 Andocides.
1381 2332 1515 2373 Reliqua

107 2370 176 2410 ejus
192 2371 253 2402 vita
266 2376 298 2401 et
312 2381 362 2401 res
373 2377 575 2411 exponuntur.
618 2373 691 2412 lpse
707 2373 808 2413 gentis
822 2385 886 2405 suae
900 2376 956 2406 fuit
972 2375 1107 2406 ultimus.

65 2513 315 2553 annnsus
342 2515 516 2555 Athenas
546 2516 773 2556 Andocides
807 2519 1006 2568 pristinam
1037 2519 1143 2557 brevi
1171 2520 1417 2571 recuperavit
1446 2532 1515 2558 au-

64 2576 283 2617 ctoritatem
295 2577 390 2625 (vid.
411 2577 559 2629 Lysias,
571 2591 610 2630 p.
625 2583 717 2618 106.
738 2593 773 2617 v.
790 2582 864 2628 7.):
885 2580 948 2618 vix
968 2580 1104 2619 decem
1120 2581 1206 2620 dies
1221 2581 1401 2627 redierat,
1422 2580 1516 2630 quin

65 2638 322 2690 Archippum,
337 2640 415 2678 sive
431 2641 668 2693 Aristippum
688 2641 973 2693 (quodcunque
991 2644 1145 2683 tandem
1159 2644 1214 2682 illi
1228 2655 1367 2682 nomen
1385 2642 1518 2693 fuerit)

65 2707 281 2748 accusaret,
301 2700 407 2751 quod
429 2702 599 2741 Hermen
621 2716 732 2750 suum
753 2703 896 2742 avitum
917 2704 1106 2744 laesisset:
1136 2706 1198 2744 hic
1217 2711 1361 2751 autem,
1383 2716 1515 2752 quam-

66 2773 184 2812 quam
203 2763 439 2814 respondere
458 2771 629 2816 poterat,
651 2765 758 2804 illum
787 2765 977 2817 integrum
1006 2781 1089 2806 esse
1122 2775 1163 2806 et
1190 2768 1367 2812 illaesum,
1388 2772 1516 2805 tamen

65 2824 156 2862 data
184 2824 349 2875 pecunia
377 2826 619 2865 Andocidem
649 2827 700 2866 ab
727 2827 978 2868 accusatione
1012 2835 1187 2867 avertere
1220 2828 1369 2874 maluit,
1400 2838 1516 2877 quam

61 2883 206 2934 judieii
225 2885 439 2937 periculum
460 2888 612 2928 subire:
641 2889 720 2929 vid.
742 2890 876 2941 Lysias
895 2903 934 2942 p.
950 2894 1042 2930 104.
1059 2904 1094 2928 ν.
1113 2895 1175 2929 11.
1233 2887 1387 2928 Deinde
1406 2900 1516 2927 seua·

66 2951 130 2985 tor
142 2945 270 2986 factus
286 2947 447 2987 multum
460 2949 554 2989 etin
570 2957 704 2990 senatu
724 2951 819 2990 etin
835 2951 1024 2990 concione
1043 2951 1189 3001 valuit3
1215 2950 1421 3002 complura
1435 2961 1516 2988 mu-

67 3017 159 3047 nera
189 3008 348 3060 publiea
381 3007 688 3052 administravit:
725 3012 1059 3064 Gymnasiarchus
1091 3012 1167 3051 fuit
1199 3010 1486 3052 Vulcanalibus
1502 3025 1514 3057 ;
