1818 3189
256 216 337 257 204
731 214 764 254 I.
797 214 922 256 OTT.
955 212 1228 256 SLUITERI

747 408 924 446 CAPUT
952 408 1214 447 TERTIUM.

255 500 456 530 Athenienses
471 499 501 530 in
518 502 615 531 bonos
633 502 715 533 viros
733 503 846 543 iniqui:
870 504 1010 544 praecisis
1026 505 1151 534 Hermis
1166 503 1301 534 libertati
1318 504 1474 534 timebant.
1519 504 1706 534 Emendatur

297 543 493 572 Plutarchus.
538 544 678 576 Ζητηταί.
724 547 934 585 Psephismata
949 548 987 577 de
1010 547 1168 588 μηνύτςοις.
1211 547 1377 577 Accusatio
1393 548 1431 576 de
1448 546 1571 576 violatis
1587 548 1705 586 Myste-

296 585 360 615 riis.
405 587 581 617 Andocides
605 593 636 618 et
659 589 839 620 Plutarchus
863 591 1075 620 conciliantur.
1121 590 1276 630 Polytion‚
1296 590 1486 625 Theodorus,
1505 590 1707 629 pythonicus,

294 629 475 660 Androcles.
523 631 700 662 Alcibiades
716 633 788 671 fuga
803 634 936 673 elapsus.
980 634 1057 670 Quae
1073 633 1185 663 suerint
1199 633 1228 662 in
1245 634 1300 662 hac
1318 633 1510 662 accusatione
1526 637 1627 671 partes
1642 635 1704 662 An-

297 672 439 703 dosidis?
482 674 565 704 Num
581 679 695 713 patrem
711 676 878 706 detulerit?
926 678 996 716 lpse
1013 677 1051 705 de
1064 675 1223 715 Mysteriis
1239 682 1287 705 est
1303 681 1474 705 accusatus.
1520 677 1707 705 Emendatur

297 715 632 747 Pseudo-Plutarchus.
678 720 725 748 De
741 719 867 749 Hermis
891 719 1046 758 inquisitio
1071 724 1101 748 et
1123 718 1344 749 accusationes.
1388 720 1516 754 Teucer,
1533 719 1706 748 Dioclides.

295 758 442 789 Tentatur
458 760 627 791 Andocidis
643 761 743 792 locus.
789 763 900 792 Orator
917 773 995 802 quos
1011 762 1225 792 accusaverit?
1273 762 1331 792 Rei
1349 762 1463 792 exitus.

255 943 307 981 IN
329 944 522 996 plerisque
551 947 774 986 civitatibus
803 948 947 995 liberis,
972 956 1023 987 ut.
1037 950 1203 1000 quisque
1224 950 1377 1001 opibuS,
1404 948 1536 999 gloria,
1568 948 1707 987 virtute

253 1006 417 1044 maxime
446 1009 615 1053 excellit,
638 1009 690 1047 ita
711 1010 882 1060 plurimis
917 1011 1103 1049 malorum
1125 1012 1321 1050 hominum
1356 1010 1504 1060 injuriis
1524 1009 1704 1047 laeditur:

253 1069 360 1116 quod
381 1068 526 1114 vitium,
550 1070 580 1107 si
600 1071 638 1107 in
660 1070 733 1108 ulla
752 1071 923 1117 civitate,
945 1072 1107 1110 maxime
1127 1079 1232 1110 certe
1251 1072 1490 1110 dominatum
1511 1077 1569 1109 est
1583 1071 1705 1109 Athe-

251 1128 325 1167 nis.
382 1129 498 1169 Nulla
535 1131 636 1169 enim
678 1133 845 1171 Graeciae
884 1134 975 1171 urbs
1015 1134 1303 1185 praestantiores
1342 1133 1494 1178 virtute,
1536 1133 1705 1183 ingenio,

252 1202 382 1229 amore
402 1191 539 1242 patriae
565 1193 655 1231 tulit
677 1195 802 1233 viros:
833 1196 936 1232 nulla
962 1202 1021 1234 tot
1042 1196 1144 1234 cives
1164 1195 1337 1246 egregios
1365 1194 1535 1240 vinculis,
1557 1195 1706 1241 exsilio,

252 1249 382 1290 morte*
408 1254 618 1293 mulctavit.
677 1255 800 1305 Cujus
827 1257 880 1294 rei
906 1270 1110 1306 quamnam
1140 1257 1313 1295 dicamus
1341 1269 1424 1294 esse
1445 1267 1614 1302 causam,
1634 1255 1708 1294 nisi

252 1313 358 1362 quod
379 1314 634 1354 Athenienses
647 1319 749 1355 varia
769 1331 861 1368 gens
883 1326 921 1357 et
939 1319 1152 1369 multiplex,
1171 1317 1458 1356 benefactorum
1479 1317 1706 1368 plerumque

250 1375 461 1422 immemor,
478 1377 609 1415 invida
624 1384 742 1428 atque
759 1380 987 1431 suspiciosa,
1003 1381 1116 1418 insita
1134 1379 1301 1429 quadam
1318 1385 1464 1417 naturae
1479 1378 1633 1416 levitate
1649 1378 1707 1416 ef-

252 1436 451 1475 fraenatam
473 1439 674 1477 libidinem
689 1453 760 1490 pro
781 1441 959 1479 libertate
976 1442 1134 1488 coleret,
1152 1448 1267 1490 atque
1282 1455 1303 1478 a
1319 1439 1565 1490 Demagogis,
1585 1439 1707 1478 diser—

253 1497 302 1536 tis
323 1497 478 1546 quidem
499 1499 589 1547 illis,
612 1499 679 1537 sed
701 1500 898 1539 malitiosis
920 1502 1057 1539 iisdem
1078 1508 1116 1539 et
1136 1501 1335 1552 perversiS,
1355 1501 1392 1538 in
1413 1501 1535 1538 bonos
1556 1514 1708 1551 semper

251 1560 489 1598 incitaretur.
546 1561 662 1606 Nam,
685 1568 891 1611 postquam
922 1563 1086 1601 Athenis
1119 1563 1341 1601 Pisistratus
1377 1562 1618 1614 tyrannidem
1640 1576 1707 1600 oc-

252 1628 427 1671 cuparat,
449 1623 608 1673 Cylonis
628 1623 728 1660 idem
749 1629 910 1662 conatus
930 1631 1013 1662 erat
1033 1637 1244 1675 repressus,
1261 1625 1333 1662 hoc
1355 1623 1467 1662 facile
1487 1630 1593 1662 metu
1612 1623 1709 1662 abu-

251 1682 435 1720 tebantur
450 1684 614 1722 civitatis
638 1691 779 1734 pestes,
797 1692 839 1723 ut
858 1687 1041 1736 populum
1060 1686 1108 1723 ad
1132 1686 1298 1736 quodvis
1319 1685 1442 1723 scelus
1462 1686 1498 1722 in
1519 1685 1706 1736 optimum

252 1757 446 1794 quemque
476 1745 670 1783 edendum
691 1746 956 1797 impellerent:
988 1747 1178 1796 quidquid
1200 1761 1341 1785 novum
1369 1755 1407 1785 et
1433 1747 1602 1786 insolens
1621 1761 1706 1786 esse

251 1806 459 1855 videretur,
480 1808 608 1846 statim
630 1809 888 1848 Athenienses
912 1809 1154 1860 tyrannidem
1182 1809 1421 1860 cogitabant,
1448 1809 1628 1858 civesque
1648 1809 1706 1847 in-

251 1868 388 1906 noxios
422 1882 490 1907 suo
523 1882 626 1920 saepe
654 1869 795 1908 damno
829 1871 1065 1921 plectebant.
1124 1870 1223 1914 Quae
1254 1883 1340 1908 cum
1363 1870 1416 1907 ita
1437 1870 1522 1915 sint,
1549 1883 1628 1907 non
1647 1876 1706 1908 est

251 1929 480 1976 mirandum,
517 1932 689 1981 praecisis
723 1933 902 1970 omnibus
940 1933 1126 1970 Mercurii
1163 1931 1312 1976 statuis,
1345 1938 1467 1969 totam
1504 1931 1702 1970 civitatem

251 1998 356 2029 metu
377 1991 494 2030 fuisse
515 1993 732 2043 perculsam
753 2001 790 2031 et
812 1995 1087 2044 perturbatam.
1146 1995 1260 2040 Nam,
1281 1993 1453 2041 quamvis
1474 2007 1626 2045 semper
1645 2007 1704 2032 re-

251 2054 406 2104 ligionis
433 2054 591 2093 violatio
624 2055 768 2093 nefaria
790 2057 994 2094 haberetur
1013 2063 1051 2094 et
1073 2057 1252 2103 scelesta,
1274 2056 1357 2094 haec
1388 2061 1514 2093 tamen
1541 2068 1600 2094 res
1630 2069 1706 2094 una

250 2116 420 2154 omnium
455 2117 617 2154 maxime
647 2123 729 2154 erat
758 2118 906 2156 odiosa.
965 2119 1088 2157 “Hoc
1119 2118 1218 2155 enim
1253 2130 1370 2166 quum
1400 2123 1604 2167 appareret
1628 2130 1703 2155 non

250 2178 331 2215 sine
354 2191 490 2227 magna
510 2179 716 2216 multorum
732 2180 984 2218 consensione
1000 2193 1083 2217 esse
1104 2179 1262 2226 factum,
1280 2178 1386 2229 quod
1408 2191 1485 2216 non
1505 2178 1553 2216 ad
1574 2179 1703 2229 priva-

250 2246 341 2286 tam,
364 2240 429 2277 sed
451 2240 499 2277 ad
523 2241 719 2290 publicam
738 2254 814 2278 rem
837 2242 1061 2292 pertineret,
1082 2254 1240 2292 magnus
1261 2239 1497 2279 multitudini
1517 2240 1632 2278 timor
1646 2246 1706 2280 est

249 2301 431 2350 injectus,
451 2316 497 2339 ne
520 2316 596 2352 qua
613 2303 815 2353 repentina
835 2304 890 2341 vis
912 2304 950 2341 iu
971 2304 1128 2342 civitate
1149 2303 1362 2348 exsisteret,
1377 2315 1464 2353 quae
1485 2301 1702 2340 libertatem

250 2364 490 2413 opprimeret
510 2365 644 2414 populi
661 2365 696 2403 :”
727 2371 767 2402 ut
788 2365 839 2402 ait
855 2366 991 2416 Nepos
1013 2366 1049 2403 in
1065 2365 1197 2403 Alcib.
1218 2378 1252 2402 e.
1270 2368 1307 2402 3.
1328 2368 1357 2411 ξ.
1376 2367 1429 2408 2.;
1460 2364 1527 2414 qui
1543 2363 1703 2415 Thucy-

250 2423 379 2461 didem
401 2426 572 2471 sequitur
592 2425 726 2463 eadem
749 2433 965 2464 narrantem
988 2426 1014 2463 l.
1032 2426 1100 2465 VI.
1124 2440 1158 2464 c.
1175 2430 1241 2470 27,
1263 2428 1327 2463 28.
1349 2427 1413 2463 53.
1434 2427 1516 2468 60.;
1550 2423 1703 2462 eadem·

251 2499 326 2534 que
361 2486 531 2536 produnt
561 2487 790 2526 Andocides
819 2488 867 2526 de
890 2489 1010 2540 Myst.
1040 2501 1078 2539 p.
1099 2491 1136 2525 6.
1157 2487 1256 2532 init„
1281 2486 1477 2523 Diodorus
1506 2485 1659 2524 Siculus
1680 2486 1705 2524 l.

251 2547 368 2586 XIII.
390 2562 424 2586 c.
445 2553 496 2592 2.,
524 2548 754 2587 Plutarchus
779 2550 911 2588 Alcib.
932 2563 970 2600 p.
991 2553 1082 2588 200.
1105 2549 1156 2587 D.
1212 2548 1352 2598 Neque
1378 2555 1505 2584 tamen
1534 2547 1704 2585 omnium

251 2622 324 2647 una
345 2610 429 2647 haec
457 2617 539 2647 crat
567 2611 784 2649 sententia:
816 2625 891 2649 non
912 2612 1073 2649 deerant
1097 2610 1211 2655 enim,
1235 2611 1300 2659 qui
1321 2606 1609 2646 Corinthiorum
1630 2608 1706 2647 hoc

248 2673 445 2710 inventum
467 2672 684 2717 crederent,
705 2678 746 2709 ut
765 2678 936 2711 monstro
971 2672 1149 2711 deterriti
1180 2670 1436 2708 Athenienses
1462 2670 1511 2707 ab
1542 2669 1703 2720 expedi-

247 2734 352 2771 tione
374 2740 510 2772 contra
533 2735 799 2785 Syracusanos
818 2735 978 2772 colonos
995 2747 1083 2772 suos
1103 2733 1358 2772 desisterent:
1389 2731 1454 2770 alii
1473 2731 1706 2770 temulento-

245 2808 330 2832 rum
357 2795 545 2843 juvcnum
569 2795 812 2834 insolentiam
843 2796 1087 2843 incusabant,
1120 2807 1192 2832 nec
1226 2800 1448 2844 portentum
1478 2792 1598 2831 ullum
1618 2805 1702 2830 esse

245 2857 556 2900 arbitrabantur3
589 2864 630 2896 ut
652 2857 824 2907 locuples
844 2863 981 2895 auctor
1000 2864 1059 2895 est
1082 2855 1310 2894 Plutarchus
1331 2854 1462 2893 Alcib.
1483 2867 1523 2905 p.
1540 2857 1632 2892 200:
1654 2853 1700 2891 C.

245 2919 403 2969 Ἐλέχθη
424 2918 493 2969 μὲν
513 2917 591 2964 οὖν,
615 2919 671 2957 ὅτι
693 2918 886 2969 Κορίνθιοι
914 2919 973 2957 διὰ
991 2919 1077 2961 τοὺς
1094 2916 1365 2968 Συρακουσίους
1383 2919 1557 2958 ἀποίκους
1576 2916 1702 2959 ὄντας,

245 2986 294 3026 ὡς
312 2983 538 3034 ἐπισχέσεως
557 2984 735 3035 ἐσομένης
756 2984 846 3035 πρὸς
864 2991 936 3022 τῶν
951 2986 1106 3030 οἰωνῶν,
1124 2983 1144 3027 ἢ
1161 2983 1427 3033 μεταγνώσεως
1442 2985 1506 3019 τοῦ
1519 2981 1702 3029 πολέμου,
