1818 3189
258 236 344 277 220
737 234 773 277 Ι.
805 235 933 278 ΟΤΤ.
963 234 1238 277 SLUITERI

256 338 416 387 duc'ere,
453 354 512 379 res
545 346 604 379 est
637 341 729 379 satis
762 341 931 392 cognita.
997 342 1099 381 Talis
1134 341 1364 380 matrimonii
1399 342 1617 393 exemplum
1649 349 1710 382 est

257 403 364 453 apud
385 402 540 453 Lysiam
562 403 633 441 Or.
654 416 688 440 c.
712 402 875 454 Diogit„
896 404 1000 455 apud
1023 404 1141 443 Dion.
1171 404 1301 443 Halic.
1331 404 1369 441 in
1398 404 1489 442 Vita
1516 404 1643 455 Lysiae
1669 418 1713 455 p.

256 467 349 502 209.
371 463 436 501 ubi
454 463 651 501 Diodotus
669 464 785 502 filiam
807 464 932 503 fratris
954 466 1122 516 germani
1144 464 1363 516 Diogitonis
1385 465 1534 503 unicam
1550 479 1710 504 uxorem

256 525 379 563 ducit.
438 525 605 563 Ultimus
633 532 762 564 autem
795 529 1010 579 ἀγχιστὲων
1036 528 1119 578 lege
1138 534 1221 565 erat
1240 527 1464 577 designatus
1486 527 1709 565 consobrini

255 587 371 626 filius.
402 588 606 626 Demoslh.
624 601 660 626 c.
684 590 850 626 Macart.
871 603 911 640 p.
926 592 1044 627 1058.
1066 594 1130 627 11.
1175 589 1240 640 Τῷ
1258 588 1327 641 μὲν
1346 588 1449 626 παιδὶ
1474 591 1587 640 τούτῳ
1608 590 1715 627 ἐστὶν

255 649 376 701 ὄνομα
405 657 478 688 τῶν
505 650 546 688 ἐν
574 654 622 702 τῷ
654 653 751 703 νόμῳ
777 652 994 702 εἷρημένων,
1026 652 1086 688 καὶ
1114 651 1228 702 μέχρι
1255 649 1297 688 οὗ
1317 651 1336 688 ὃ
1358 652 1470 702 νόμος
1491 653 1626 688 κελεύει
1644 651 1713 696 τὴν

255 712 484 765 ἀγχιστείαν
499 711 607 750 εἶναι·
625 713 778 761 ἀνεψιοῦ
796 714 1037 764 γ(ι“ρ“Αγνίου
1051 718 1141 754 παῖς
1158 712 1274 751 ἐστίν.
1296 711 1533 749 scholiastes
1549 710 1710 750 Luciani

254 772 294 809 in
312 772 466 812 Timon.
487 787 523 812 c,
544 777 581 811 5.
603 787 642 824 p.
661 778 753 812 166.
798 775 1024 826 Ἀγχιστεῦς
1044 773 1103 811 καὶ
1127 775 1345 828 α’γχιστεία,
1367 775 1389 819 ἦ
1409 774 1622 821 συγγένεια·
1651 773 1712 810 καὶ

255 836 454 886 α’γχιστεῖς
482 836 515 873 οἱ
544 836 617 874 ἀπὸ
646 835 815 885 ἀδελφῶν
845 839 904 872 καὶ
933 837 1097 885 ἀνεψιῶν
1126 837 1185 873 καὶ
1216 835 1329 873 θείων
1358 836 1452 872 κατά
1479 835 1620 886 πατέρα
1649 836 1711 872 καὶ

253 894 392 948 μήτέρα
411 897 606 946 ἐγγυτάτω
626 902 688 935 τοῦ
709 899 1010 942 τελευτήσαντος·
1027 897 1060 934 οἱ
1081 896 1118 934 δὲ
1134 898 1197 944 ἔξω
1212 898 1348 935 τούτων
1368 901 1564 946 συγγενεῖς
1578 898 1710 948 μόνον·

253 955 288 993 οἱ
309 955 345 994 δὲ
366 961 444 996 κατ’
461 959 669 1009 ἐπιγαμίαν
696 957 901 1011 μιχθέντες
933 964 1019 1005 τοῖς
1040 959 1166 1005 οἰ’κοις,
1197 961 1316 997 οἰκεῖοι
1345 958 1544 1007 λέγονται;
1575 959 1628 996 ita
1648 958 1710 997 hic

254 1018 365 1056 locus
386 1020 573 1070 legendus
606 1034 653 1058 ex
683 1020 816 1067 Suida‚
849 1021 916 1070 qui
946 1020 1174 1058 Scholiastae
1202 1020 1320 1058 verba
1340 1020 1377 1057 in
1400 1019 1569 1057 Lexicon
1598 1033 1710 1058 suum

254 1083 454 1119 transtulit
473 1097 507 1120 v.
526 1083 765 1134 Ἀγχιστεὺς.
822 1083 860 1120 Si
881 1094 971 1120 vero
992 1083 1188 1132 ἐπίκληρος
1214 1088 1316 1120 esset
1343 1081 1599 1133 pauperrima,
1621 1095 1711 1132 quae

253 1142 451 1181 minimum
481 1144 667 1182 tributum
699 1145 778 1183 sive
808 1143 959 1191 θητικὸν
992 1144 1192 1194 penderet,
1223 1144 1422 1196 proximus
1449 1149 1653 1194 cognatus,
1680 1143 1711 1182 si

254 1203 336 1253 ipse
366 1219 448 1243 eam
478 1206 621 1244 habere
651 1207 783 1252 nollet,
815 1206 879 1244 alii
907 1206 988 1244 viro
1017 1207 1171 1244 elocans
1206 1205 1336 1243 dotem
1370 1205 1462 1243 dare
1493 1206 1712 1244 tenebatur.

252 1265 408 1315 Legem,
430 1280 506 1317 qua
527 1268 597 1305 dos
623 1268 688 1305 illa
717 1268 880 1306 definita
910 1275 982 1319 est,
1004 1268 1168 1306 servavit
1190 1267 1394 1305 Demosth.
1418 1281 1453 1305 c.
1482 1268 1650 1311 Macart.
1669 1280 1710 1317 p.

252 1329 371 1368 1067.
392 1332 458 1368 27.
505 1329 592 1367 Τῶν
616 1330 834 1380 ἐπικλήρων,
863 1329 949 1368 ὅσαι
982 1328 1132 1376 θητικὸν
1152 1333 1335 1376 τελοῦσιν,
1353 1329 1421 1366 ἐάν
1449 1331 1500 1380 μὴ
1525 1328 1711 1377 βοῦληται

251 1387 352 1440 ’ἐχειν
381 1392 400 1428 ὁ
428 1391 621 1440 ἐγγύτατα
651 1395 801 1440 γένους,
828 1391 992 1428 ἐκδιδότω
1013 1390 1157 1432 ἐπιδοὺς
1177 1392 1196 1427 ὁ
1214 1391 1286 1441 μὲν
1314 1389 1711 1442 πεντακοσιομέδιμνος

253 1457 503 1496 πεντακοσίας
519 1453 704 1505 δραχμάς,
725 1455 744 1491 ὁ
764 1453 792 1490 δ’
813 1454 944 1494 ἱππεὺς
964 1454 1190 1503 τριακοσίας,
1212 1453 1231 1488 ὁ
1251 1450 1287 1488 δὲ
1307 1452 1460 1499 ζυγίτης
1478 1450 1608 1490 ἑκατὸν
1621 1468 1710 1492 πεν-

252 1514 411 1557 τήκοντα
431 1515 521 1565 πρὸς
541 1514 598 1558 οἷς
615 1518 729 1560 αὑτῆς
749 1514 819 1563 (ita
839 1514 912 1564 leg.
929 1527 1015 1551 cum
1040 1513 1231 1551 Lambino
1252 1518 1290 1550 et
1310 1512 1498 1561 Reiskio).
1519 1513 1588 1551 ἐὰν
1603 1513 1640 1552 δὲ
1658 1517 1715 1566 μὴ

251 1578 401 1619 πλείους
417 1572 508 1615 ὦσιν
527 1578 568 1613 ἐν
589 1580 637 1629 τῷ
656 1578 755 1628 αὐτῷ
775 1579 889 1625 γένει,
908 1579 950 1627 τῇ
970 1575 1151 1628 ἐπικλήρῳ
1171 1575 1262 1626 πρὸς
1278 1576 1388 1626 μέρος
1407 1574 1612 1613 ἐπιδιδόναι
1627 1575 1713 1614 ἕκα-

253 1650 355 1674 στον·
375 1637 453 1675 ’ἐάν
482 1638 511 1675 δ’
538 1639 577 1675 αἱ
605 1644 781 1687 γυναῖκες
806 1640 955 1680 πλείους
983 1633 1064 1682 ὦσι,
1093 1639 1143 1688 μὴ
1169 1635 1381 1685 ἐπάναγκες
1411 1635 1504 1674 εἶναι
1530 1639 1660 1683 πλέον,
1687 1639 1711 1684 ἢ

252 1702 346 1747 μίαν
375 1699 543 1738 ἐκδοῦναι
572 1703 621 1752 τῷ
652 1703 766 1749 γένει·
797 1701 900 1737 cimai
932 1699 996 1738 τὸν
1028 1699 1221 1748 ἐγγύτατα
1254 1697 1306 1735 δεῖ
1333 1698 1526 1745 ἐκδιδόναι,
1555 1700 1578 1745 ’ἢ
1598 1700 1711 1739 αὒτόν

250 1759 365 1810 ἔχειν·
384 1761 451 1799 {dv
474 1761 509 1800 δὲ
530 1764 580 1813 μὴ
600 1761 668 1817 ἐ’χῃ
692 1763 710 1798 ὁ
730 1762 925 1811 ἐγγύτατα
946 1763 1092 1810 γένους,
1115 1762 1137 1806 ἢ
1156 1763 1206 1812 μὴ
1229 1760 1330 1811 ἐκδῷ,
1352 1762 1371 1798 ὁ
1389 1760 1518 1812 ἅρχων
1540 1762 1710 1811 ἐπαναγ-

252 1823 403 1868 καζέτω,
424 1825 446 1868 ἢ
466 1824 580 1862 αὑτὸν
606 1822 722 1874 ἔχειν,
749 1824 770 1868 ἢ
800 1822 981 1860 ἐκδοῦναι·
1010 1823 1078 1860 ἐὰν
1106 1822 1142 1860 δὲ
1168 1824 1217 1874 μὴ
1246 1822 1493 1877 ἐπαναγκάσῃ
1517 1822 1537 1859 ὁ
1563 1822 1707 1876 ἅρχων,

253 1883 428 1933 ὀφειλέτω
456 1888 588 1935 χιλίας
615 1885 788 1936 δραχμὰς
816 1885 913 1936 ἱερὰς
942 1887 987 1932 τῇ
1011 1884 1128 1934 ’Ἰ-Ιρᾳ·
1151 1885 1398 1935 ἀπογραφέτω
1418 1882 1455 1920 δὲ
1473 1883 1537 1922 τὸν
1554 1887 1606 1935 μὴ
1627 1902 1708 1923 ποι-

253 1947 366 1980 οῦντα
387 1950 503 1982 ταῦτα
522 1947 541 1982 ὁ
564 1944 795 1996 βουλόμενος
825 1945 916 1996 πρὸς
938 1945 1001 1982 τὸν
1023 1946 1207 1996 ἄρχοντα.
1237 1944 1464 1995 particulam
1483 1947 1534 1996 μὴ
1560 1952 1650 1984 ante
1670 1960 1707 1985 v.

251 2007 400 2049 πλείους
416 2005 620 2044 delendam
642 2020 739 2053 esse,
760 2020 805 2044 ex
823 2007 1009 2044 sententia
1032 2005 1275 2044 manifestum
1293 2011 1350 2043 est
1367 2019 1376 2046 :
1406 2018 1492 2043 nam
1512 2008 1714 2054 quomodo

253 2079 386 2113 quaeso
407 2067 548 2118 singuli
570 2075 717 2118 partem
739 2068 943 2106 conserant
963 2068 999 2105 in
1022 2068 1168 2113 dotem,
1196 2067 1225 2104 si
1255 2080 1330 2104 non
1361 2068 1493 2118 plures
1524 2081 1601 2106 uno
1632 2069 1710 2109 sint

252 2129 421 2178 cognati.
477 2130 580 2167 Citat
610 2138 737 2168 autem
771 2131 806 2169 h.
837 2131 862 2167 l.
893 2129 1176 2180 Harpocration
1211 2143 1247 2166 v.
1280 2128 1406 2175 θῆτες.
1462 2128 1652 2181 Idemque
1672 2145 1709 2171 v.

252 2190 411 2234 ἐπίδικος
432 2190 531 2229 dicit
553 2205 598 2229 ex
622 2192 811 2230 Dinarchi
834 2193 1021 2230 Oratione
1043 2192 1124 2242 περὶ
1152 2195 1214 2228 τοῦ
1242 2193 1292 2242 μὴ
1320 2190 1478 2229 ἐπίδικον
1503 2189 1598 2230 εἶναι
1620 2199 1709 2231 caet.

253 2252 495 2291 manifestum
525 2266 624 2300 esse,
643 2254 698 2291 ὅτι
726 2257 792 2297 τὰς
822 2256 1076 2305 ἀπορουμένας
1107 2254 1217 2302 κόρας
1245 2252 1452 2299 ἐξεδίδοσαν
1479 2253 1515 2290 οἱ
1541 2254 1719 2305 ἄγχιστα,

253 2316 386 2361 γένους
416 2317 523 2354 πέντε
550 2320 648 2366 μνᾶς
678 2317 888 2360 ἑπιδόντεςζ
921 2317 1057 2354 Pollux
1078 2317 1103 2355 l.
1126 2316 1202 2353 III.
1231 2329 1260 2353 s.
1279 2319 1342 2355 33.
1373 2319 1394 2362 ἡ
1422 2318 1546 2368 μέντοι
1574 2320 1710 2368 κλῆρον

253 2379 317 2413 οὐκ
345 2376 484 2427 ἔχουσα
516 2382 699 2429 πατρῷον,
729 2382 851 2424 θῆσσα
882 2382 1063 2428 καλεῖται,
1089 2382 1135 2424 ἣν
1165 2379 1182 2415 ὁ
1208 2376 1413 2428 ἀγχιστεὺς
1439 2378 1640 2427 ἐκδίδωσιν,
1659 2381 1709 2418 ἂν

252 2436 359 2488 ἑτέρᾳ
383 2441 547 2493 συνοικῇ,
565 2440 586 2483 ἢ
606 2439 756 2483 πάντως
776 2446 900 2492 γαμεῖ.
945 2439 1002 2476 Ex
1025 2439 1097 2476 hoc
1112 2438 1202 2487 jure
1223 2438 1317 2477 illud
1340 2446 1412 2484 est,
1432 2439 1537 2488 quod
1558 2441 1613 2478 ait
1631 2441 1710 2479 Te—

253 2501 448 2537 rentianus
469 2500 530 2537 ille
550 2501 761 2551 Demipho,
785 2503 822 2541 in
844 2503 1000 2540 Phorm.
1022 2503 1070 2540 A.
1094 2502 1145 2539 ΙΙ.
1165 2501 1228 2541 Sc.
1251 2507 1281 2540 1.
1304 2515 1340 2539 ν.
1361 2505 1426 2539 65.

693 2606 873 2643 “Verum
896 2606 924 2643 si
943 2611 1106 2656 cognata
1127 2610 1183 2642 cst
1205 2603 1380 2648 maxime,

468 2666 557 2703 Non
580 2665 651 2702 suit
673 2678 830 2703 necesse
853 2667 1019 2706 habere:
1051 2666 1132 2711 sed,
1155 2665 1191 2702 id
1215 2664 1319 2715 quod
1342 2665 1420 2702 Lex
1436 2664 1568 2715 jubet,

467 2727 606 2764 Dotem
630 2726 801 2765 daretis:
834 2733 1026 2775 quaereret
1047 2727 1161 2764 alium
1185 2725 1346 2763 virum.'’

251 2836 288 2865 et
311 2828 375 2865 Sc.
397 2831 434 2865 3.
455 2841 488 2864 v.
510 2833 575 2867 62.

424 2936 448 2952 ‘⁴
468 2930 606 2969 Itidem
630 2937 670 2969 ut
690 2938 854 2982 cognata
876 2934 904 2969 si
927 2933 988 2978 sit,
1011 2933 1048 2970 id
1072 2933 1177 2983 quod
1202 2934 1276 2970 Lex
1292 2932 1411 2980 jubet

465 2992 605 3030 Dotem
628 2993 732 3039 dum,
754 2994 904 3032 abduce
924 2994 1042 3038 hauc;
1075 2994 1193 3033 minas
1216 2994 1389 3044 quinque
1405 2995 1578 3046 accipc.’'
