<?xml version="1.0" encoding="UTF-8"?>
<!DOCTYPE html PUBLIC "-//W3C//DTD XHTML 1.0 Transitional//EN"
    "http://www.w3.org/TR/xhtml1/DTD/xhtml1-transitional.dtd">
<html xmlns="http://www.w3.org/1999/xhtml" xml:lang="en" lang="en">
 <head>
  <title>
</title>
<meta http-equiv="Content-Type" content="text/html;charset=utf-8" />
  <meta name='ocr-system' content='tesseract 3.04.00' />
  <meta name='ocr-capabilities' content='ocr_page ocr_carea ocr_par ocr_line ocrx_word'/>
</head>
<body>
  <div class='ocr_page' id='page_1' title='image "./oratoresatticie01dobs_0263.png"; bbox 0 0 1816 3272; ppageno 0'>
   <div class='ocr_carea' id='block_1_1' title="bbox 388 228 1487 274">
    <p class='ocr_par' dir='ltr' id='par_1_1' title="bbox 388 228 1487 274">
     <span class='ocr_line' id='line_1_1' title="bbox 388 228 1487 274; baseline 0 -2"><span class='ocrx_word' id='word_1_1' title='bbox 388 229 719 273; x_wconf 85' lang='lat' dir='ltr'>LECTIONES</span> <span class='ocrx_word' id='word_1_2' title='bbox 751 228 1147 272; x_wconf 87' lang='lat' dir='ltr'>ANDOCIDEAE.</span> <span class='ocrx_word' id='word_1_3' title='bbox 1411 230 1487 274; x_wconf 89' lang='grc'>191</span> 
     </span>
    </p>
   </div>
   <div class='ocr_carea' id='block_1_2' title="bbox 39 323 1503 2058">
    <p class='ocr_par' dir='ltr' id='par_1_2' title="bbox 39 323 1498 1376">
     <span class='ocr_line' id='line_1_2' title="bbox 39 323 1494 390; baseline -0.001 -14"><span class='ocrx_word' id='word_1_4' title='bbox 39 344 162 376; x_wconf 62' lang='grc' dir='ltr'>πᾶσιν</span> <span class='ocrx_word' id='word_1_5' title='bbox 181 339 306 381; x_wconf 73' lang='grc' dir='ltr'>αὐτοῖς</span> <span class='ocrx_word' id='word_1_6' title='bbox 331 341 450 390; x_wconf 82' lang='grc' dir='ltr'>ὥσπερ</span> <span class='ocrx_word' id='word_1_7' title='bbox 470 338 574 380; x_wconf 73' lang='grc' dir='ltr'>ἰδίοις</span> <span class='ocrx_word' id='word_1_8' title='bbox 606 337 697 387; x_wconf 83' lang='grc' dir='ltr'>πρὸς</span> <span class='ocrx_word' id='word_1_9' title='bbox 721 339 788 382; x_wconf 83' lang='grc' dir='ltr'>τὴν</span> <span class='ocrx_word' id='word_1_10' title='bbox 803 323 882 373; x_wconf 55' lang='grc' dir='ltr'>Δκαθ’</span> <span class='ocrx_word' id='word_1_11' title='bbox 901 337 1040 388; x_wconf 78' lang='grc' dir='ltr'>ἡμέραν</span> <span class='ocrx_word' id='word_1_12' title='bbox 1068 337 1226 375; x_wconf 79' lang='grc' dir='ltr'>δίαιταν.</span> <span class='ocrx_word' id='word_1_13' title='bbox 1280 336 1494 388; x_wconf 82' lang='lat' dir='ltr'>Taylorum</span> 
     </span>
     <span class='ocr_line' id='line_1_3' title="bbox 44 398 1493 450; baseline 0 -13"><span class='ocrx_word' id='word_1_14' title='bbox 44 412 117 450; x_wconf 85' lang='lat' dir='ltr'>pro</span> <span class='ocrx_word' id='word_1_15' title='bbox 136 401 194 436; x_wconf 78' lang='grc' dir='ltr'>καὶ</span> <span class='ocrx_word' id='word_1_16' title='bbox 208 399 368 442; x_wconf 78' lang='grc' dir='ltr'><em>Φαίακος</em></span> <span class='ocrx_word' id='word_1_17' title='bbox 386 399 513 449; x_wconf 82' lang='lat' dir='ltr'>legere</span> <span class='ocrx_word' id='word_1_18' title='bbox 530 398 600 437; x_wconf 78' lang='grc' dir='ltr'>ὑπὸ</span> <span class='ocrx_word' id='word_1_19' title='bbox 618 398 792 442; x_wconf 79' lang='grc' dir='ltr'><em>Φαίακος,</em></span> <span class='ocrx_word' id='word_1_20' title='bbox 809 410 925 447; x_wconf 91' lang='lat' dir='ltr'>supra</span> <span class='ocrx_word' id='word_1_21' title='bbox 941 399 1291 437; x_wconf 84' lang='lat' dir='ltr'>animadvertimus.</span> <span class='ocrx_word' id='word_1_22' title='bbox 1349 398 1391 437; x_wconf 90' lang='lat' dir='ltr'>Si</span> <span class='ocrx_word' id='word_1_23' title='bbox 1411 412 1493 437; x_wconf 86' lang='lat' dir='ltr'>mu-</span> 
     </span>
     <span class='ocr_line' id='line_1_4' title="bbox 44 459 1493 512; baseline -0.001 -13"><span class='ocrx_word' id='word_1_24' title='bbox 44 461 192 500; x_wconf 84' lang='lat' dir='ltr'><strong>tatione</strong></span> <span class='ocrx_word' id='word_1_25' title='bbox 212 474 310 512; x_wconf 92' lang='lat' dir='ltr'>opus</span> <span class='ocrx_word' id='word_1_26' title='bbox 328 461 390 507; x_wconf 92' lang='lat' dir='ltr'>sit,</span> <span class='ocrx_word' id='word_1_27' title='bbox 416 460 569 510; x_wconf 82' lang='lat' dir='ltr'>legerim</span> <span class='ocrx_word' id='word_1_28' title='bbox 589 472 661 510; x_wconf 85' lang='lat' dir='ltr'>ego</span> <span class='ocrx_word' id='word_1_29' title='bbox 681 461 740 497; x_wconf 83' lang='grc' dir='ltr'>καὶ</span> <span class='ocrx_word' id='word_1_30' title='bbox 758 459 893 497; x_wconf 68' lang='lat' dir='ltr'>&lt;baiam</span> <span class='ocrx_word' id='word_1_31' title='bbox 912 462 1183 511; x_wconf 73' lang='grc' dir='ltr'><em>γεγραμμένος,</em></span> <span class='ocrx_word' id='word_1_32' title='bbox 1206 460 1348 511; x_wconf 86' lang='lat' dir='ltr'>quibus</span> <span class='ocrx_word' id='word_1_33' title='bbox 1368 461 1493 498; x_wconf 88' lang='lat' dir='ltr'>verbis</span> 
     </span>
     <span class='ocr_line' id='line_1_5' title="bbox 45 521 1495 571; baseline 0 -10"><span class='ocrx_word' id='word_1_34' title='bbox 45 522 226 561; x_wconf 83' lang='lat' dir='ltr'>indicarit</span> <span class='ocrx_word' id='word_1_35' title='bbox 258 522 511 560; x_wconf 83' lang='lat' dir='ltr'>Plutarchus:</span> <span class='ocrx_word' id='word_1_36' title='bbox 541 526 551 543; x_wconf 86' lang='lat'>‘</span> <span class='ocrx_word' id='word_1_37' title='bbox 568 521 666 558; x_wconf 89' lang='lat' dir='ltr'>Cum</span> <span class='ocrx_word' id='word_1_38' title='bbox 700 521 827 571; x_wconf 88' lang='lat' dir='ltr'>plures</span> <span class='ocrx_word' id='word_1_39' title='bbox 863 521 1089 571; x_wconf 82' lang='lat' dir='ltr'>scripserint</span> <span class='ocrx_word' id='word_1_40' title='bbox 1121 522 1328 560; x_wconf 71' lang='lat' dir='ltr'>Orationes</span> <span class='ocrx_word' id='word_1_41' title='bbox 1358 529 1495 561; x_wconf 86' lang='lat' dir='ltr'>contra</span> 
     </span>
     <span class='ocr_line' id='line_1_6' title="bbox 42 581 1495 634; baseline 0.001 -12"><span class='ocrx_word' id='word_1_42' title='bbox 42 583 320 622; x_wconf 65' lang='lat' dir='ltr'>Alcibiadem.y</span> <span class='ocrx_word' id='word_1_43' title='bbox 354 585 450 632; x_wconf 74' lang='grc' dir='ltr'>(κατ’</span> <span class='ocrx_word' id='word_1_44' title='bbox 467 581 709 631; x_wconf 69' lang='grc' dir='ltr'>Ἀλκιβιάδου</span> <span class='ocrx_word' id='word_1_45' title='bbox 740 582 894 632; x_wconf 81' lang='lat' dir='ltr'>scripsit</span> <span class='ocrx_word' id='word_1_46' title='bbox 914 582 1137 620; x_wconf 78' lang='lat' dir='ltr'>Orationem</span> <span class='ocrx_word' id='word_1_47' title='bbox 1168 584 1368 634; x_wconf 87' lang='lat' dir='ltr'>Antiphon</span> <span class='ocrx_word' id='word_1_48' title='bbox 1389 597 1495 623; x_wconf 86' lang='lat' dir='ltr'>acer-</span> 
     </span>
     <span class='ocr_line' id='line_1_7' title="bbox 48 644 1492 695; baseline 0.001 -11"><span class='ocrx_word' id='word_1_49' title='bbox 48 646 254 691; x_wconf 88' lang='lat' dir='ltr'>bissimam,</span> <span class='ocrx_word' id='word_1_50' title='bbox 275 644 387 693; x_wconf 87' lang='lat' dir='ltr'>cujus</span> <span class='ocrx_word' id='word_1_51' title='bbox 417 644 604 695; x_wconf 84' lang='lat' dir='ltr'>insignem</span> <span class='ocrx_word' id='word_1_52' title='bbox 625 645 753 682; x_wconf 92' lang='lat' dir='ltr'>locum</span> <span class='ocrx_word' id='word_1_53' title='bbox 777 644 922 682; x_wconf 88' lang='lat' dir='ltr'>habent</span> <span class='ocrx_word' id='word_1_54' title='bbox 948 644 1180 682; x_wconf 81' lang='lat' dir='ltr'>Plutarchus</span> <span class='ocrx_word' id='word_1_55' title='bbox 1199 651 1237 682; x_wconf 92' lang='lat' dir='ltr'>et</span> <span class='ocrx_word' id='word_1_56' title='bbox 1256 647 1492 693; x_wconf 84' lang='lat' dir='ltr'>Atheuaeus;</span> 
     </span>
     <span class='ocr_line' id='line_1_8' title="bbox 45 705 1496 759; baseline 0 -13"><span class='ocrx_word' id='word_1_57' title='bbox 45 708 138 759; x_wconf 83' lang='grc' dir='ltr'>πρὸς</span> <span class='ocrx_word' id='word_1_58' title='bbox 154 705 396 755; x_wconf 77' lang='grc' dir='ltr'>Ἀλκιβιάδην</span> <span class='ocrx_word' id='word_1_59' title='bbox 417 707 564 758; x_wconf 82' lang='lat' dir='ltr'>Lysias.</span> <span class='ocrx_word' id='word_1_60' title='bbox 580 706 671 744; x_wconf 89' lang='lat' dir='ltr'>Vid.</span> <span class='ocrx_word' id='word_1_61' title='bbox 694 707 847 758; x_wconf 87' lang='lat' dir='ltr'>Fragm.</span> <span class='ocrx_word' id='word_1_62' title='bbox 868 719 907 757; x_wconf 90' lang='lat' dir='ltr'>p.</span> <span class='ocrx_word' id='word_1_63' title='bbox 924 711 1017 752; x_wconf 85' lang='grc'><strong>619,</strong></span> <span class='ocrx_word' id='word_1_64' title='bbox 1038 707 1148 755; x_wconf 79' lang='lat'>620.)</span> <span class='ocrx_word' id='word_1_65' title='bbox 1165 729 1218 734; x_wconf 89' lang='lat'><strong>—</strong></span> <span class='ocrx_word' id='word_1_66' title='bbox 1238 712 1248 728; x_wconf 89' lang='lat'>‘</span> <span class='ocrx_word' id='word_1_67' title='bbox 1264 707 1362 745; x_wconf 88' lang='lat' dir='ltr'>Cum</span> <span class='ocrx_word' id='word_1_68' title='bbox 1377 709 1496 758; x_wconf 83' lang='lat' dir='ltr'>igitur</span> 
     </span>
     <span class='ocr_line' id='line_1_9' title="bbox 46 767 1494 820; baseline 0 -13"><span class='ocrx_word' id='word_1_69' title='bbox 46 770 177 820; x_wconf 84' lang='lat' dir='ltr'>plures</span> <span class='ocrx_word' id='word_1_70' title='bbox 193 769 351 819; x_wconf 83' lang='lat' dir='ltr'>scriptae</span> <span class='ocrx_word' id='word_1_71' title='bbox 372 769 450 806; x_wconf 89' lang='lat' dir='ltr'>sint</span> <span class='ocrx_word' id='word_1_72' title='bbox 469 769 674 807; x_wconf 82' lang='lat' dir='ltr'>Orationes</span> <span class='ocrx_word' id='word_1_73' title='bbox 700 774 837 805; x_wconf 86' lang='lat' dir='ltr'>contra</span> <span class='ocrx_word' id='word_1_74' title='bbox 862 767 1120 814; x_wconf 84' lang='lat' dir='ltr'>Alcibiadem,</span> <span class='ocrx_word' id='word_1_75' title='bbox 1140 774 1289 806; x_wconf 85' lang='lat' dir='ltr'>exstare</span> <span class='ocrx_word' id='word_1_76' title='bbox 1308 775 1347 806; x_wconf 93' lang='lat' dir='ltr'>et</span> <span class='ocrx_word' id='word_1_77' title='bbox 1367 782 1494 817; x_wconf 86' lang='lat' dir='ltr'>unam,</span> 
     </span>
     <span class='ocr_line' id='line_1_10' title="bbox 45 829 1496 882; baseline -0.001 -12"><span class='ocrx_word' id='word_1_78' title='bbox 45 834 164 882; x_wconf 86' lang='lat' dir='ltr'>quam</span> <span class='ocrx_word' id='word_1_79' title='bbox 184 831 362 869; x_wconf 89' lang='lat' dir='ltr'>habuerit</span> <span class='ocrx_word' id='word_1_80' title='bbox 390 831 559 870; x_wconf 84' lang='lat' dir='ltr'>Phaeax.’</span> <span class='ocrx_word' id='word_1_81' title='bbox 615 830 942 880; x_wconf 89' lang='lat' dir='ltr'>Credendumque</span> <span class='ocrx_word' id='word_1_82' title='bbox 968 835 1085 880; x_wconf 81' lang='lat' dir='ltr'>esset,</span> <span class='ocrx_word' id='word_1_83' title='bbox 1106 829 1207 868; x_wconf 89' lang='lat' dir='ltr'>hunc</span> <span class='ocrx_word' id='word_1_84' title='bbox 1234 830 1360 880; x_wconf 89' lang='lat' dir='ltr'>ipsum</span> <span class='ocrx_word' id='word_1_85' title='bbox 1378 832 1496 879; x_wconf 84' lang='grc' dir='ltr'>λόγον</span> 
     </span>
     <span class='ocr_line' id='line_1_11' title="bbox 47 890 1495 945; baseline -0.001 -13"><span class='ocrx_word' id='word_1_86' title='bbox 47 894 260 932; x_wconf 84' lang='lat' dir='ltr'>Plutarcho</span> <span class='ocrx_word' id='word_1_87' title='bbox 289 893 546 945; x_wconf 86' lang='lat' dir='ltr'>designatum,</span> <span class='ocrx_word' id='word_1_88' title='bbox 569 894 646 932; x_wconf 89' lang='lat' dir='ltr'>sive</span> <span class='ocrx_word' id='word_1_89' title='bbox 676 907 698 931; x_wconf 87' lang='lat' dir='ltr'>a</span> <span class='ocrx_word' id='word_1_90' title='bbox 725 893 890 930; x_wconf 88' lang='lat' dir='ltr'>Phaeace</span> <span class='ocrx_word' id='word_1_91' title='bbox 924 890 1111 942; x_wconf 90' lang='lat' dir='ltr'>scriptum</span> <span class='ocrx_word' id='word_1_92' title='bbox 1142 892 1220 929; x_wconf 91' lang='lat' dir='ltr'>sive</span> <span class='ocrx_word' id='word_1_93' title='bbox 1253 892 1424 938; x_wconf 80' lang='lat' dir='ltr'>Phaeaci,</span> <span class='ocrx_word' id='word_1_94' title='bbox 1446 893 1495 931; x_wconf 88' lang='lat' dir='ltr'>ab</span> 
     </span>
     <span class='ocr_line' id='line_1_12' title="bbox 46 954 1498 1005; baseline -0.001 -12"><span class='ocrx_word' id='word_1_95' title='bbox 46 955 254 994; x_wconf 84' lang='lat' dir='ltr'>Andocide</span> <span class='ocrx_word' id='word_1_96' title='bbox 275 956 468 1002; x_wconf 87' lang='lat' dir='ltr'>nimirum,</span> <span class='ocrx_word' id='word_1_97' title='bbox 491 962 533 994; x_wconf 91' lang='lat' dir='ltr'>ut</span> <span class='ocrx_word' id='word_1_98' title='bbox 551 969 573 994; x_wconf 92' lang='lat' dir='ltr'>a</span> <span class='ocrx_word' id='word_1_99' title='bbox 599 955 764 993; x_wconf 90' lang='lat' dir='ltr'>Phaeace</span> <span class='ocrx_word' id='word_1_100' title='bbox 784 954 1120 1005; x_wconf 84' lang='lat' dir='ltr'>pronunciaretur,</span> <span class='ocrx_word' id='word_1_101' title='bbox 1140 954 1170 991; x_wconf 92' lang='lat' dir='ltr'>si</span> <span class='ocrx_word' id='word_1_102' title='bbox 1190 966 1249 999; x_wconf 88' lang='lat' dir='ltr'>ea,</span> <span class='ocrx_word' id='word_1_103' title='bbox 1270 967 1358 1004; x_wconf 89' lang='lat' dir='ltr'>quae</span> <span class='ocrx_word' id='word_1_104' title='bbox 1378 954 1498 992; x_wconf 90' lang='lat' dir='ltr'>habet</span> 
     </span>
     <span class='ocr_line' id='line_1_13' title="bbox 48 1015 1498 1068; baseline -0.001 -13"><span class='ocrx_word' id='word_1_105' title='bbox 48 1017 291 1066; x_wconf 84' lang='lat' dir='ltr'>Plutarchus,</span> <span class='ocrx_word' id='word_1_106' title='bbox 312 1018 350 1056; x_wconf 91' lang='lat' dir='ltr'>in</span> <span class='ocrx_word' id='word_1_107' title='bbox 373 1017 561 1057; x_wconf 87' lang='lat' dir='ltr'>Oratione</span> <span class='ocrx_word' id='word_1_108' title='bbox 582 1018 811 1068; x_wconf 80' lang='lat' dir='ltr'>legerentur,</span> <span class='ocrx_word' id='word_1_109' title='bbox 830 1029 920 1067; x_wconf 87' lang='lat' dir='ltr'>quae</span> <span class='ocrx_word' id='word_1_110' title='bbox 941 1029 1043 1054; x_wconf 91' lang='lat' dir='ltr'>nunc</span> <span class='ocrx_word' id='word_1_111' title='bbox 1063 1015 1278 1053; x_wconf 90' lang='lat' dir='ltr'>Andocidis</span> <span class='ocrx_word' id='word_1_112' title='bbox 1296 1029 1380 1054; x_wconf 86' lang='lat' dir='ltr'>esse</span> <span class='ocrx_word' id='word_1_113' title='bbox 1401 1016 1498 1055; x_wconf 93' lang='lat' dir='ltr'>dici-</span> 
     </span>
     <span class='ocr_line' id='line_1_14' title="bbox 47 1077 1498 1124; baseline 0 -8"><span class='ocrx_word' id='word_1_114' title='bbox 47 1085 130 1117; x_wconf 86' lang='lat' dir='ltr'>tur:</span> <span class='ocrx_word' id='word_1_115' title='bbox 152 1080 206 1117; x_wconf 92' lang='lat' dir='ltr'>At</span> <span class='ocrx_word' id='word_1_116' title='bbox 225 1092 317 1118; x_wconf 88' lang='lat' dir='ltr'>vero</span> <span class='ocrx_word' id='word_1_117' title='bbox 334 1085 389 1118; x_wconf 82' lang='lat'>1⁰.</span> <span class='ocrx_word' id='word_1_118' title='bbox 412 1093 488 1117; x_wconf 90' lang='lat' dir='ltr'>non</span> <span class='ocrx_word' id='word_1_119' title='bbox 520 1079 616 1118; x_wconf 89' lang='lat' dir='ltr'>dicit</span> <span class='ocrx_word' id='word_1_120' title='bbox 635 1077 860 1116; x_wconf 85' lang='lat' dir='ltr'>Andocides</span> <span class='ocrx_word' id='word_1_121' title='bbox 879 1078 939 1115; x_wconf 90' lang='lat' dir='ltr'>vel</span> <span class='ocrx_word' id='word_1_122' title='bbox 959 1078 1116 1123; x_wconf 85' lang='lat' dir='ltr'>Orator,</span> <span class='ocrx_word' id='word_1_123' title='bbox 1137 1080 1205 1124; x_wconf 75' lang='grc' dir='ltr'>τὴν</span> <span class='ocrx_word' id='word_1_124' title='bbox 1233 1079 1345 1116; x_wconf 84' lang='grc' dir='ltr'>πόλιν</span> <span class='ocrx_word' id='word_1_125' title='bbox 1371 1081 1498 1116; x_wconf 64' lang='grc' dir='ltr'>πολλά</span> 
     </span>
     <span class='ocr_line' id='line_1_15' title="bbox 45 1141 1496 1192; baseline 0.001 -15"><span class='ocrx_word' id='word_1_126' title='bbox 45 1146 211 1191; x_wconf 79' lang='grc' dir='ltr'>πομπεῖα</span> <span class='ocrx_word' id='word_1_127' title='bbox 231 1145 465 1192; x_wconf 77' lang='grc' dir='ltr'>κεκτημένην·</span> <span class='ocrx_word' id='word_1_128' title='bbox 512 1145 570 1180; x_wconf 88' lang='lat'>2⁰.</span> <span class='ocrx_word' id='word_1_129' title='bbox 591 1141 682 1178; x_wconf 88' lang='lat' dir='ltr'>Non</span> <span class='ocrx_word' id='word_1_130' title='bbox 703 1146 892 1178; x_wconf 82' lang='lat' dir='ltr'>memorat</span> <span class='ocrx_word' id='word_1_131' title='bbox 918 1144 1084 1191; x_wconf 77' lang='grc' dir='ltr'>πομπεῖα</span> <span class='ocrx_word' id='word_1_132' title='bbox 1107 1145 1233 1190; x_wconf 82' lang='grc' dir='ltr'>χρυσᾶ</span> <span class='ocrx_word' id='word_1_133' title='bbox 1258 1141 1317 1176; x_wconf 83' lang='grc' dir='ltr'>καὶ</span> <span class='ocrx_word' id='word_1_134' title='bbox 1335 1141 1496 1191; x_wconf 79' lang='grc' dir='ltr'>ἀργυρᾶ·</span> 
     </span>
     <span class='ocr_line' id='line_1_16' title="bbox 47 1201 1496 1253; baseline 0.001 -15"><span class='ocrx_word' id='word_1_135' title='bbox 47 1204 100 1240; x_wconf 85' lang='lat'>3⁰.</span> <span class='ocrx_word' id='word_1_136' title='bbox 120 1201 211 1239; x_wconf 84' lang='lat' dir='ltr'>Non</span> <span class='ocrx_word' id='word_1_137' title='bbox 231 1202 327 1240; x_wconf 85' lang='lat' dir='ltr'>dicit</span> <span class='ocrx_word' id='word_1_138' title='bbox 357 1202 600 1240; x_wconf 82' lang='lat' dir='ltr'>Alcibiadem</span> <span class='ocrx_word' id='word_1_139' title='bbox 635 1201 694 1239; x_wconf 88' lang='lat' dir='ltr'>his</span> <span class='ocrx_word' id='word_1_140' title='bbox 727 1214 836 1239; x_wconf 81' lang='lat' dir='ltr'>usum</span> <span class='ocrx_word' id='word_1_141' title='bbox 865 1202 956 1253; x_wconf 82' lang='grc' dir='ltr'>πρὸς</span> <span class='ocrx_word' id='word_1_142' title='bbox 986 1204 1052 1247; x_wconf 86' lang='grc' dir='ltr'>τὴν</span> <span class='ocrx_word' id='word_1_143' title='bbox 1073 1203 1149 1239; x_wconf 82' lang='grc' dir='ltr'>καθ’</span> <span class='ocrx_word' id='word_1_144' title='bbox 1175 1202 1315 1252; x_wconf 82' lang='grc' dir='ltr'>ἡμέραν</span> <span class='ocrx_word' id='word_1_145' title='bbox 1336 1201 1496 1239; x_wconf 59' lang='grc' dir='ltr'>δίαιταν·</span> 
     </span>
     <span class='ocr_line' id='line_1_17' title="bbox 42 1262 1496 1315; baseline 0 -14"><span class='ocrx_word' id='word_1_146' title='bbox 42 1264 190 1301; x_wconf 84' lang='lat' dir='ltr'>Verum</span> <span class='ocrx_word' id='word_1_147' title='bbox 210 1264 249 1301; x_wconf 91' lang='lat' dir='ltr'>in</span> <span class='ocrx_word' id='word_1_148' title='bbox 269 1264 510 1302; x_wconf 84' lang='lat' dir='ltr'>solemnitate</span> <span class='ocrx_word' id='word_1_149' title='bbox 530 1263 737 1315; x_wconf 82' lang='lat' dir='ltr'>Olympica</span> <span class='ocrx_word' id='word_1_150' title='bbox 752 1263 1001 1301; x_wconf 89' lang='lat' dir='ltr'>commodato</span> <span class='ocrx_word' id='word_1_151' title='bbox 1017 1263 1138 1313; x_wconf 87' lang='lat' dir='ltr'>petita</span> <span class='ocrx_word' id='word_1_152' title='bbox 1156 1262 1393 1309; x_wconf 88' lang='lat' dir='ltr'>adhibuisse,</span> <span class='ocrx_word' id='word_1_153' title='bbox 1415 1270 1496 1301; x_wconf 92' lang='lat' dir='ltr'>tum</span> 
     </span>
     <span class='ocr_line' id='line_1_18' title="bbox 45 1323 1128 1376; baseline -0.001 -13"><span class='ocrx_word' id='word_1_154' title='bbox 45 1324 85 1363; x_wconf 90' lang='lat' dir='ltr'>in</span> <span class='ocrx_word' id='word_1_155' title='bbox 105 1326 237 1376; x_wconf 89' lang='lat' dir='ltr'>epulo,</span> <span class='ocrx_word' id='word_1_156' title='bbox 259 1332 339 1364; x_wconf 92' lang='lat' dir='ltr'>tum</span> <span class='ocrx_word' id='word_1_157' title='bbox 356 1326 394 1363; x_wconf 90' lang='lat' dir='ltr'>in</span> <span class='ocrx_word' id='word_1_158' title='bbox 411 1325 614 1372; x_wconf 87' lang='lat' dir='ltr'>sacrificio,</span> <span class='ocrx_word' id='word_1_159' title='bbox 636 1325 702 1363; x_wconf 91' lang='lat' dir='ltr'>sed</span> <span class='ocrx_word' id='word_1_160' title='bbox 725 1331 872 1363; x_wconf 89' lang='lat' dir='ltr'>tantum</span> <span class='ocrx_word' id='word_1_161' title='bbox 893 1323 1128 1375; x_wconf 77' lang='lat' dir='ltr'>Oiympiae.&#39;&#39;</span> 
     </span>
    </p>

    <p class='ocr_par' dir='ltr' id='par_1_3' title="bbox 45 1386 1498 1500">
     <span class='ocr_line' id='line_1_19' title="bbox 100 1386 1498 1437; baseline -0.001 -12"><span class='ocrx_word' id='word_1_162' title='bbox 100 1392 124 1409; x_wconf 80' lang='lat'>‘⁴</span> <span class='ocrx_word' id='word_1_163' title='bbox 144 1388 337 1426; x_wconf 85' lang='lat' dir='ltr'>Praeterea</span> <span class='ocrx_word' id='word_1_164' title='bbox 366 1387 458 1425; x_wconf 88' lang='lat' dir='ltr'>nihil</span> <span class='ocrx_word' id='word_1_165' title='bbox 477 1387 515 1424; x_wconf 90' lang='lat' dir='ltr'>in</span> <span class='ocrx_word' id='word_1_166' title='bbox 536 1401 612 1425; x_wconf 89' lang='lat' dir='ltr'>rem</span> <span class='ocrx_word' id='word_1_167' title='bbox 645 1400 751 1425; x_wconf 88' lang='lat' dir='ltr'>suam</span> <span class='ocrx_word' id='word_1_168' title='bbox 778 1387 890 1425; x_wconf 90' lang='lat' dir='ltr'>affert</span> <span class='ocrx_word' id='word_1_169' title='bbox 909 1387 1121 1437; x_wconf 83' lang='lat' dir='ltr'>Taylorus:</span> <span class='ocrx_word' id='word_1_170' title='bbox 1151 1386 1234 1436; x_wconf 82' lang='lat' dir='ltr'>Ego</span> <span class='ocrx_word' id='word_1_171' title='bbox 1256 1399 1346 1424; x_wconf 88' lang='lat' dir='ltr'>vero</span> <span class='ocrx_word' id='word_1_172' title='bbox 1366 1393 1405 1425; x_wconf 93' lang='lat' dir='ltr'>et</span> <span class='ocrx_word' id='word_1_173' title='bbox 1425 1387 1498 1425; x_wconf 85' lang='lat' dir='ltr'>alia</span> 
     </span>
     <span class='ocr_line' id='line_1_20' title="bbox 45 1447 859 1500; baseline -0.001 -13"><span class='ocrx_word' id='word_1_174' title='bbox 45 1449 121 1500; x_wconf 89' lang='lat' dir='ltr'>ipsi</span> <span class='ocrx_word' id='word_1_175' title='bbox 141 1454 366 1500; x_wconf 84' lang='lat' dir='ltr'>argumenta</span> <span class='ocrx_word' id='word_1_176' title='bbox 386 1448 630 1486; x_wconf 88' lang='lat' dir='ltr'>obmovenda</span> <span class='ocrx_word' id='word_1_177' title='bbox 647 1447 859 1486; x_wconf 87' lang='lat' dir='ltr'>existimo.”</span> 
     </span>
    </p>

    <p class='ocr_par' dir='ltr' id='par_1_4' title="bbox 46 1510 1503 1748">
     <span class='ocr_line' id='line_1_21' title="bbox 99 1510 1498 1563; baseline -0.001 -13"><span class='ocrx_word' id='word_1_178' title='bbox 99 1517 124 1534; x_wconf 82' lang='lat'>‘⁴</span> <span class='ocrx_word' id='word_1_179' title='bbox 146 1513 211 1550; x_wconf 92' lang='lat' dir='ltr'>V⁰.</span> <span class='ocrx_word' id='word_1_180' title='bbox 237 1513 381 1550; x_wconf 91' lang='lat' dir='ltr'>Mirum</span> <span class='ocrx_word' id='word_1_181' title='bbox 402 1517 472 1563; x_wconf 84' lang='lat' dir='ltr'>est,</span> <span class='ocrx_word' id='word_1_182' title='bbox 493 1512 523 1550; x_wconf 89' lang='lat' dir='ltr'>si</span> <span class='ocrx_word' id='word_1_183' title='bbox 552 1511 652 1549; x_wconf 85' lang='lat' dir='ltr'>hanc</span> <span class='ocrx_word' id='word_1_184' title='bbox 672 1517 716 1549; x_wconf 89' lang='lat' dir='ltr'>ut</span> <span class='ocrx_word' id='word_1_185' title='bbox 735 1510 912 1549; x_wconf 85' lang='lat' dir='ltr'>Phaeacis</span> <span class='ocrx_word' id='word_1_186' title='bbox 932 1511 1067 1561; x_wconf 84' lang='lat' dir='ltr'>legerit</span> <span class='ocrx_word' id='word_1_187' title='bbox 1092 1511 1322 1549; x_wconf 88' lang='lat' dir='ltr'>Orationem</span> <span class='ocrx_word' id='word_1_188' title='bbox 1346 1511 1498 1549; x_wconf 89' lang='lat' dir='ltr'>Plutar-</span> 
     </span>
     <span class='ocr_line' id='line_1_22' title="bbox 47 1572 1498 1625; baseline -0.001 -14"><span class='ocrx_word' id='word_1_189' title='bbox 47 1574 159 1620; x_wconf 84' lang='lat' dir='ltr'>chus,</span> <span class='ocrx_word' id='word_1_190' title='bbox 179 1574 273 1611; x_wconf 90' lang='lat' dir='ltr'>nihil</span> <span class='ocrx_word' id='word_1_191' title='bbox 305 1574 409 1620; x_wconf 88' lang='lat' dir='ltr'>inde,</span> <span class='ocrx_word' id='word_1_192' title='bbox 442 1573 549 1625; x_wconf 90' lang='lat' dir='ltr'>quod</span> <span class='ocrx_word' id='word_1_193' title='bbox 583 1572 632 1610; x_wconf 88' lang='lat' dir='ltr'>ad</span> <span class='ocrx_word' id='word_1_194' title='bbox 663 1572 908 1611; x_wconf 88' lang='lat' dir='ltr'>Alcibiadem</span> <span class='ocrx_word' id='word_1_195' title='bbox 938 1578 1099 1623; x_wconf 82' lang='lat' dir='ltr'>spectet,</span> <span class='ocrx_word' id='word_1_196' title='bbox 1130 1586 1215 1611; x_wconf 89' lang='lat' dir='ltr'>eum</span> <span class='ocrx_word' id='word_1_197' title='bbox 1245 1573 1498 1623; x_wconf 84' lang='lat' dir='ltr'>excerpsisse,</span> 
     </span>
     <span class='ocr_line' id='line_1_23' title="bbox 46 1633 1503 1686; baseline -0.001 -13"><span class='ocrx_word' id='word_1_198' title='bbox 46 1641 187 1686; x_wconf 86' lang='lat' dir='ltr'>praeter</span> <span class='ocrx_word' id='word_1_199' title='bbox 207 1635 299 1674; x_wconf 93' lang='lat' dir='ltr'>illud</span> <span class='ocrx_word' id='word_1_200' title='bbox 320 1634 571 1686; x_wconf 88' lang='lat' dir='ltr'>perpusillum</span> <span class='ocrx_word' id='word_1_201' title='bbox 597 1647 701 1672; x_wconf 86' lang='lat' dir='ltr'>sane.</span> <span class='ocrx_word' id='word_1_202' title='bbox 757 1635 884 1672; x_wconf 88' lang='lat' dir='ltr'>Multa</span> <span class='ocrx_word' id='word_1_203' title='bbox 903 1634 957 1672; x_wconf 90' lang='lat' dir='ltr'>ibi</span> <span class='ocrx_word' id='word_1_204' title='bbox 978 1634 1170 1672; x_wconf 86' lang='lat' dir='ltr'>habentur</span> <span class='ocrx_word' id='word_1_205' title='bbox 1195 1633 1392 1673; x_wconf 85' lang='lat' dir='ltr'>Historica</span> <span class='ocrx_word' id='word_1_206' title='bbox 1414 1635 1503 1673; x_wconf 87' lang='lat' dir='ltr'>vitae</span> 
     </span>
     <span class='ocr_line' id='line_1_24' title="bbox 46 1696 1348 1748; baseline -0.001 -13"><span class='ocrx_word' id='word_1_207' title='bbox 46 1697 276 1744; x_wconf 88' lang='lat' dir='ltr'>Alcibiadis,</span> <span class='ocrx_word' id='word_1_208' title='bbox 297 1711 386 1748; x_wconf 84' lang='lat' dir='ltr'>quae</span> <span class='ocrx_word' id='word_1_209' title='bbox 406 1697 635 1736; x_wconf 77' lang='lat' dir='ltr'>Plutarchus</span> <span class='ocrx_word' id='word_1_210' title='bbox 655 1696 859 1747; x_wconf 83' lang='lat' dir='ltr'>attigisset,</span> <span class='ocrx_word' id='word_1_211' title='bbox 881 1697 911 1734; x_wconf 90' lang='lat' dir='ltr'>si</span> <span class='ocrx_word' id='word_1_212' title='bbox 931 1697 1085 1747; x_wconf 83' lang='lat' dir='ltr'>cognita</span> <span class='ocrx_word' id='word_1_213' title='bbox 1106 1696 1348 1735; x_wconf 83' lang='lat' dir='ltr'>habuisset.”</span> 
     </span>
    </p>

    <p class='ocr_par' dir='ltr' id='par_1_5' title="bbox 45 1759 1502 2058">
     <span class='ocr_line' id='line_1_25' title="bbox 102 1759 1500 1809; baseline 0 -13"><span class='ocrx_word' id='word_1_214' title='bbox 102 1763 127 1781; x_wconf 88' lang='lat'><strong>“</strong></span> <span class='ocrx_word' id='word_1_215' title='bbox 147 1759 235 1797; x_wconf 80' lang='lat' dir='ltr'><strong>VI0.</strong></span> <span class='ocrx_word' id='word_1_216' title='bbox 256 1760 326 1797; x_wconf 91' lang='lat' dir='ltr'>Vis</span> <span class='ocrx_word' id='word_1_217' title='bbox 342 1760 498 1798; x_wconf 90' lang='lat' dir='ltr'>dicendi</span> <span class='ocrx_word' id='word_1_218' title='bbox 519 1761 557 1797; x_wconf 89' lang='lat' dir='ltr'>in</span> <span class='ocrx_word' id='word_1_219' title='bbox 579 1760 651 1798; x_wconf 90' lang='lat' dir='ltr'>hac</span> <span class='ocrx_word' id='word_1_220' title='bbox 673 1759 862 1797; x_wconf 86' lang='lat' dir='ltr'>Oratione</span> <span class='ocrx_word' id='word_1_221' title='bbox 880 1759 1008 1797; x_wconf 91' lang='lat' dir='ltr'>elucet</span> <span class='ocrx_word' id='word_1_222' title='bbox 1026 1759 1278 1805; x_wconf 86' lang='lat' dir='ltr'>admirabilis,</span> <span class='ocrx_word' id='word_1_223' title='bbox 1293 1765 1330 1797; x_wconf 90' lang='lat' dir='ltr'>et</span> <span class='ocrx_word' id='word_1_224' title='bbox 1342 1771 1500 1809; x_wconf 89' lang='lat' dir='ltr'>prorsus</span> 
     </span>
     <span class='ocr_line' id='line_1_26' title="bbox 48 1820 1502 1873; baseline -0.001 -14"><span class='ocrx_word' id='word_1_225' title='bbox 48 1821 295 1861; x_wconf 89' lang='lat' dir='ltr'>Andocidea.</span> <span class='ocrx_word' id='word_1_226' title='bbox 338 1821 572 1860; x_wconf 86' lang='lat' dir='ltr'>Plutarchus</span> <span class='ocrx_word' id='word_1_227' title='bbox 588 1827 714 1860; x_wconf 89' lang='lat' dir='ltr'>autem</span> <span class='ocrx_word' id='word_1_228' title='bbox 736 1834 775 1873; x_wconf 92' lang='lat' dir='ltr'>p.</span> <span class='ocrx_word' id='word_1_229' title='bbox 797 1825 887 1860; x_wconf 82' lang='lat'><strong>196.</strong></span> <span class='ocrx_word' id='word_1_230' title='bbox 908 1821 955 1859; x_wconf 89' lang='lat' dir='ltr'>E.</span> <span class='ocrx_word' id='word_1_231' title='bbox 986 1820 1185 1859; x_wconf 87' lang='lat' dir='ltr'>Phaeacem</span> <span class='ocrx_word' id='word_1_232' title='bbox 1202 1821 1309 1867; x_wconf 89' lang='lat' dir='ltr'>dicit,</span> <span class='ocrx_word' id='word_1_233' title='bbox 1327 1821 1502 1859; x_wconf 70' lang='grc' dir='ltr'>ἐλαττού-</span> 
     </span>
     <span class='ocr_line' id='line_1_27' title="bbox 46 1882 1502 1935; baseline 0 -15"><span class='ocrx_word' id='word_1_234' title='bbox 46 1899 161 1935; x_wconf 84' lang='grc' dir='ltr'>μενον</span> <span class='ocrx_word' id='word_1_235' title='bbox 188 1888 266 1926; x_wconf 83' lang='grc' dir='ltr'>τοῖς</span> <span class='ocrx_word' id='word_1_236' title='bbox 295 1899 333 1921; x_wconf 86' lang='grc' dir='ltr'>τε</span> <span class='ocrx_word' id='word_1_237' title='bbox 360 1883 494 1926; x_wconf 80' lang='grc' dir='ltr'>ἄλλοις</span> <span class='ocrx_word' id='word_1_238' title='bbox 524 1884 583 1920; x_wconf 84' lang='grc' dir='ltr'>καὶ</span> <span class='ocrx_word' id='word_1_239' title='bbox 612 1886 693 1935; x_wconf 81' lang='grc' dir='ltr'>περὶ</span> <span class='ocrx_word' id='word_1_240' title='bbox 725 1883 790 1922; x_wconf 82' lang='grc' dir='ltr'>τὸν</span> <span class='ocrx_word' id='word_1_241' title='bbox 818 1885 950 1932; x_wconf 85' lang='grc' dir='ltr'>λόγον·</span> <span class='ocrx_word' id='word_1_242' title='bbox 982 1882 1205 1926; x_wconf 74' lang='grc' dir='ltr'>ἐντευκτικὸς</span> <span class='ocrx_word' id='word_1_243' title='bbox 1235 1885 1311 1933; x_wconf 69' lang='grc' dir='ltr'>γάρ</span> <span class='ocrx_word' id='word_1_244' title='bbox 1343 1882 1415 1932; x_wconf 73' lang='grc' dir='ltr'>ἰδίᾳ</span> <span class='ocrx_word' id='word_1_245' title='bbox 1442 1885 1502 1920; x_wconf 85' lang='grc' dir='ltr'>καὶ</span> 
     </span>
     <span class='ocr_line' id='line_1_28' title="bbox 45 1943 1500 1997; baseline -0.001 -15"><span class='ocrx_word' id='word_1_246' title='bbox 45 1943 206 1988; x_wconf 63' lang='grc' dir='ltr'>πιθανὸς</span> <span class='ocrx_word' id='word_1_247' title='bbox 222 1944 335 1983; x_wconf 82' lang='grc' dir='ltr'>ἐδόκει</span> <span class='ocrx_word' id='word_1_248' title='bbox 355 1947 519 1996; x_wconf 84' lang='grc' dir='ltr'>μᾶλλον,</span> <span class='ocrx_word' id='word_1_249' title='bbox 539 1945 562 1990; x_wconf 82' lang='grc' dir='ltr'>ἢ</span> <span class='ocrx_word' id='word_1_250' title='bbox 583 1947 704 1996; x_wconf 81' lang='grc' dir='ltr'>φέρειν</span> <span class='ocrx_word' id='word_1_251' title='bbox 723 1947 878 1994; x_wconf 78' lang='grc' dir='ltr'>ἀγῶνας</span> <span class='ocrx_word' id='word_1_252' title='bbox 904 1946 967 1996; x_wconf 86' lang='lat' dir='ltr'>(an</span> <span class='ocrx_word' id='word_1_253' title='bbox 987 1948 1137 1997; x_wconf 83' lang='grc' dir='ltr'>φεύγειν</span> <span class='ocrx_word' id='word_1_254' title='bbox 1150 1944 1182 1992; x_wconf 66' lang='lat'>3)</span> <span class='ocrx_word' id='word_1_255' title='bbox 1209 1944 1250 1983; x_wconf 82' lang='grc' dir='ltr'>ἐν</span> <span class='ocrx_word' id='word_1_256' title='bbox 1271 1943 1368 1997; x_wconf 68' lang='grc' dir='ltr'>δήμῳ</span> <span class='ocrx_word' id='word_1_257' title='bbox 1389 1944 1500 1983; x_wconf 79' lang='grc' dir='ltr'>δυνα-</span> 
     </span>
     <span class='ocr_line' id='line_1_29' title="bbox 45 2004 687 2058; baseline 0 -14"><span class='ocrx_word' id='word_1_258' title='bbox 45 2007 121 2050; x_wconf 81' lang='grc' dir='ltr'>τός·</span> <span class='ocrx_word' id='word_1_259' title='bbox 141 2004 187 2052; x_wconf 76' lang='grc' dir='ltr'>ἦν</span> <span class='ocrx_word' id='word_1_260' title='bbox 207 2009 282 2057; x_wconf 70' lang='grc' dir='ltr'>γάρ</span> <span class='ocrx_word' id='word_1_261' title='bbox 301 2007 364 2056; x_wconf 79' lang='grc' dir='ltr'>(ὡς</span> <span class='ocrx_word' id='word_1_262' title='bbox 384 2005 547 2049; x_wconf 74' lang='grc' dir='ltr'>Εὔπολις</span> <span class='ocrx_word' id='word_1_263' title='bbox 569 2009 687 2058; x_wconf 84' lang='grc' dir='ltr'>φησί·)</span> 
     </span>
    </p>
   </div>
   <div class='ocr_carea' id='block_1_3' title="bbox 377 2101 1167 2153">
    <p class='ocr_par' dir='ltr' id='par_1_6' title="bbox 377 2101 1167 2153">
     <span class='ocr_line' id='line_1_30' title="bbox 377 2101 1167 2153; baseline 0.003 -14"><span class='ocrx_word' id='word_1_264' title='bbox 377 2101 527 2139; x_wconf 83' lang='grc' dir='ltr'>Λαλεῖν</span> <span class='ocrx_word' id='word_1_265' title='bbox 546 2101 712 2153; x_wconf 76' lang='grc' dir='ltr'>ἄριστος,</span> <span class='ocrx_word' id='word_1_266' title='bbox 726 2102 1006 2146; x_wconf 76' lang='grc' dir='ltr'>ἀδυνατώτατος</span> <span class='ocrx_word' id='word_1_267' title='bbox 1025 2105 1167 2151; x_wconf 77' lang='grc' dir='ltr'>λέγειν·</span> 
     </span>
    </p>
   </div>
   <div class='ocr_carea' id='block_1_4' title="bbox 45 2194 1504 3046">
    <p class='ocr_par' dir='ltr' id='par_1_7' title="bbox 45 2194 1499 2432">
     <span class='ocr_line' id='line_1_31' title="bbox 47 2194 1499 2248; baseline -0.003 -12"><span class='ocrx_word' id='word_1_268' title='bbox 47 2198 145 2236; x_wconf 88' lang='lat' dir='ltr'>Haec</span> <span class='ocrx_word' id='word_1_269' title='bbox 164 2195 396 2235; x_wconf 88' lang='lat' dir='ltr'>Plutarchus</span> <span class='ocrx_word' id='word_1_270' title='bbox 415 2209 491 2234; x_wconf 90' lang='lat' dir='ltr'>non</span> <span class='ocrx_word' id='word_1_271' title='bbox 510 2194 582 2234; x_wconf 88' lang='lat' dir='ltr'>nisi</span> <span class='ocrx_word' id='word_1_272' title='bbox 597 2195 644 2233; x_wconf 91' lang='lat' dir='ltr'>de</span> <span class='ocrx_word' id='word_1_273' title='bbox 660 2196 826 2234; x_wconf 86' lang='lat' dir='ltr'>Phaeace</span> <span class='ocrx_word' id='word_1_274' title='bbox 846 2196 986 2235; x_wconf 87' lang='lat' dir='ltr'>dixisse</span> <span class='ocrx_word' id='word_1_275' title='bbox 1007 2197 1159 2235; x_wconf 89' lang='lat' dir='ltr'>videtur</span> <span class='ocrx_word' id='word_1_276' title='bbox 1174 2197 1270 2248; x_wconf 84' lang='lat' dir='ltr'>(vid.</span> <span class='ocrx_word' id='word_1_277' title='bbox 1290 2196 1499 2247; x_wconf 82' lang='lat' dir='ltr'>Taylorum</span> 
     </span>
     <span class='ocr_line' id='line_1_32' title="bbox 45 2257 1499 2311; baseline -0.002 -12"><span class='ocrx_word' id='word_1_278' title='bbox 45 2273 86 2311; x_wconf 87' lang='lat' dir='ltr'>p.</span> <span class='ocrx_word' id='word_1_279' title='bbox 106 2264 198 2299; x_wconf 83' lang='lat'><strong>695.</strong></span> <span class='ocrx_word' id='word_1_280' title='bbox 220 2258 301 2308; x_wconf 86' lang='lat' dir='ltr'>A.),</span> <span class='ocrx_word' id='word_1_281' title='bbox 319 2258 493 2308; x_wconf 88' lang='lat' dir='ltr'>quamvis</span> <span class='ocrx_word' id='word_1_282' title='bbox 513 2271 536 2295; x_wconf 91' lang='lat' dir='ltr'>a</span> <span class='ocrx_word' id='word_1_283' title='bbox 557 2257 773 2296; x_wconf 90' lang='lat' dir='ltr'>Scholiaste</span> <span class='ocrx_word' id='word_1_284' title='bbox 788 2258 1061 2308; x_wconf 88' lang='lat' dir='ltr'>Aristophanis</span> <span class='ocrx_word' id='word_1_285' title='bbox 1076 2258 1125 2296; x_wconf 89' lang='lat' dir='ltr'>ad</span> <span class='ocrx_word' id='word_1_286' title='bbox 1147 2259 1309 2309; x_wconf 84' lang='lat' dir='ltr'>Equites</span> <span class='ocrx_word' id='word_1_287' title='bbox 1325 2270 1362 2295; x_wconf 88' lang='lat' dir='ltr'>v.</span> <span class='ocrx_word' id='word_1_288' title='bbox 1380 2261 1499 2298; x_wconf 84' lang='lat'><strong>1374.</strong></span> 
     </span>
     <span class='ocr_line' id='line_1_33' title="bbox 46 2319 1499 2372; baseline -0.002 -13"><span class='ocrx_word' id='word_1_289' title='bbox 46 2321 164 2365; x_wconf 82' lang='grc' dir='ltr'>δεινὸς</span> <span class='ocrx_word' id='word_1_290' title='bbox 180 2322 298 2372; x_wconf 81' lang='grc' dir='ltr'>ῥήτωρ</span> <span class='ocrx_word' id='word_1_291' title='bbox 320 2319 581 2370; x_wconf 87' lang='lat' dir='ltr'>perhibeatur.</span> <span class='ocrx_word' id='word_1_292' title='bbox 611 2319 703 2369; x_wconf 91' lang='lat' dir='ltr'>Ipsa</span> <span class='ocrx_word' id='word_1_293' title='bbox 725 2319 997 2370; x_wconf 88' lang='lat' dir='ltr'>Aristophanis</span> <span class='ocrx_word' id='word_1_294' title='bbox 1017 2320 1135 2358; x_wconf 90' lang='lat' dir='ltr'>verba</span> <span class='ocrx_word' id='word_1_295' title='bbox 1154 2326 1242 2358; x_wconf 89' lang='lat' dir='ltr'>sunt</span> <span class='ocrx_word' id='word_1_296' title='bbox 1259 2319 1499 2365; x_wconf 87' lang='lat' dir='ltr'>obscuriora,</span> 
     </span>
     <span class='ocr_line' id='line_1_34' title="bbox 47 2380 970 2432; baseline -0.002 -12"><span class='ocrx_word' id='word_1_297' title='bbox 47 2395 176 2432; x_wconf 88' lang='lat' dir='ltr'>neque</span> <span class='ocrx_word' id='word_1_298' title='bbox 195 2382 378 2420; x_wconf 88' lang='lat' dir='ltr'>disertum</span> <span class='ocrx_word' id='word_1_299' title='bbox 401 2381 520 2418; x_wconf 87' lang='lat' dir='ltr'>fuisse</span> <span class='ocrx_word' id='word_1_300' title='bbox 540 2380 743 2418; x_wconf 87' lang='lat' dir='ltr'>Phaeacem</span> <span class='ocrx_word' id='word_1_301' title='bbox 763 2380 970 2430; x_wconf 85' lang='lat' dir='ltr'>probant.&#39;&#39;</span> 
     </span>
    </p>

    <p class='ocr_par' dir='ltr' id='par_1_8' title="bbox 46 2440 1504 2739">
     <span class='ocr_line' id='line_1_35' title="bbox 101 2440 1500 2491; baseline -0.003 -10"><span class='ocrx_word' id='word_1_302' title='bbox 101 2449 124 2467; x_wconf 76' lang='lat'>‘⁴</span> <span class='ocrx_word' id='word_1_303' title='bbox 144 2443 255 2481; x_wconf 88' lang='lat' dir='ltr'>V110.</span> <span class='ocrx_word' id='word_1_304' title='bbox 283 2443 394 2480; x_wconf 88' lang='lat' dir='ltr'>Hanc</span> <span class='ocrx_word' id='word_1_305' title='bbox 423 2441 662 2487; x_wconf 87' lang='lat' dir='ltr'>Orationem,</span> <span class='ocrx_word' id='word_1_306' title='bbox 685 2447 726 2478; x_wconf 92' lang='lat' dir='ltr'>ut</span> <span class='ocrx_word' id='word_1_307' title='bbox 746 2441 976 2487; x_wconf 89' lang='lat' dir='ltr'>Andocidis,</span> <span class='ocrx_word' id='word_1_308' title='bbox 1001 2442 1082 2480; x_wconf 89' lang='lat' dir='ltr'>sine</span> <span class='ocrx_word' id='word_1_309' title='bbox 1112 2440 1356 2480; x_wconf 87' lang='lat' dir='ltr'>dubitatione</span> <span class='ocrx_word' id='word_1_310' title='bbox 1377 2440 1500 2491; x_wconf 89' lang='lat' dir='ltr'>(quod</span> 
     </span>
     <span class='ocr_line' id='line_1_36' title="bbox 47 2502 1504 2556; baseline -0.003 -13"><span class='ocrx_word' id='word_1_311' title='bbox 47 2513 87 2543; x_wconf 88' lang='lat' dir='ltr'>et</span> <span class='ocrx_word' id='word_1_312' title='bbox 115 2506 222 2543; x_wconf 90' lang='lat' dir='ltr'>novit</span> <span class='ocrx_word' id='word_1_313' title='bbox 239 2505 444 2556; x_wconf 83' lang='lat' dir='ltr'>Taylorus)</span> <span class='ocrx_word' id='word_1_314' title='bbox 472 2504 567 2540; x_wconf 79' lang='lat' dir='ltr'>citat</span> <span class='ocrx_word' id='word_1_315' title='bbox 597 2503 787 2553; x_wconf 88' lang='lat' dir='ltr'>Harpocr.</span> <span class='ocrx_word' id='word_1_316' title='bbox 816 2503 854 2541; x_wconf 92' lang='lat' dir='ltr'>in</span> <span class='ocrx_word' id='word_1_317' title='bbox 879 2516 916 2541; x_wconf 92' lang='lat' dir='ltr'>v.</span> <span class='ocrx_word' id='word_1_318' title='bbox 945 2503 1129 2555; x_wconf 72' lang='grc' dir='ltr'>εὐανδρία.</span> <span class='ocrx_word' id='word_1_319' title='bbox 1186 2504 1249 2550; x_wconf 90' lang='lat' dir='ltr'>Et,</span> <span class='ocrx_word' id='word_1_320' title='bbox 1284 2502 1315 2539; x_wconf 90' lang='lat' dir='ltr'>si</span> <span class='ocrx_word' id='word_1_321' title='bbox 1338 2514 1427 2540; x_wconf 89' lang='lat' dir='ltr'>vera</span> <span class='ocrx_word' id='word_1_322' title='bbox 1444 2508 1504 2539; x_wconf 90' lang='lat' dir='ltr'>est</span> 
     </span>
     <span class='ocr_line' id='line_1_37' title="bbox 47 2563 1497 2616; baseline -0.003 -12"><span class='ocrx_word' id='word_1_323' title='bbox 47 2566 274 2616; x_wconf 85' lang='lat' dir='ltr'>conjectura</span> <span class='ocrx_word' id='word_1_324' title='bbox 293 2579 378 2604; x_wconf 90' lang='lat' dir='ltr'>mea</span> <span class='ocrx_word' id='word_1_325' title='bbox 397 2565 434 2603; x_wconf 92' lang='lat' dir='ltr'>in</span> <span class='ocrx_word' id='word_1_326' title='bbox 457 2563 638 2610; x_wconf 84' lang='lat' dir='ltr'>Moeride,</span> <span class='ocrx_word' id='word_1_327' title='bbox 665 2578 701 2602; x_wconf 90' lang='lat' dir='ltr'>v.</span> <span class='ocrx_word' id='word_1_328' title='bbox 728 2570 906 2616; x_wconf 84' lang='grc' dir='ltr'>πομπεῖα,</span> <span class='ocrx_word' id='word_1_329' title='bbox 941 2565 1012 2603; x_wconf 90' lang='lat' dir='ltr'>iste</span> <span class='ocrx_word' id='word_1_330' title='bbox 1032 2564 1217 2603; x_wconf 86' lang='lat' dir='ltr'>Atticista</span> <span class='ocrx_word' id='word_1_331' title='bbox 1241 2564 1343 2602; x_wconf 90' lang='lat' dir='ltr'>hunc</span> <span class='ocrx_word' id='word_1_332' title='bbox 1373 2563 1497 2612; x_wconf 89' lang='lat' dir='ltr'>ipsum</span> 
     </span>
     <span class='ocr_line' id='line_1_38' title="bbox 46 2623 1500 2678; baseline -0.003 -14"><span class='ocrx_word' id='word_1_333' title='bbox 46 2627 178 2665; x_wconf 87' lang='lat' dir='ltr'>locum</span> <span class='ocrx_word' id='word_1_334' title='bbox 198 2627 469 2678; x_wconf 84' lang='lat' dir='ltr'>designaverit,</span> <span class='ocrx_word' id='word_1_335' title='bbox 484 2626 536 2664; x_wconf 94' lang='lat' dir='ltr'>ob</span> <span class='ocrx_word' id='word_1_336' title='bbox 556 2638 670 2675; x_wconf 89' lang='lat' dir='ltr'>quem</span> <span class='ocrx_word' id='word_1_337' title='bbox 685 2626 926 2676; x_wconf 87' lang='lat' dir='ltr'>potissimum</span> <span class='ocrx_word' id='word_1_338' title='bbox 943 2625 1099 2664; x_wconf 87' lang='lat' dir='ltr'>Phaeaci</span> <span class='ocrx_word' id='word_1_339' title='bbox 1115 2625 1343 2664; x_wconf 88' lang='lat' dir='ltr'>Orationem</span> <span class='ocrx_word' id='word_1_340' title='bbox 1363 2623 1500 2661; x_wconf 90' lang='lat' dir='ltr'>tribuit</span> 
     </span>
     <span class='ocr_line' id='line_1_39' title="bbox 47 2688 272 2739; baseline 0 -14"><span class='ocrx_word' id='word_1_341' title='bbox 47 2688 272 2739; x_wconf 85' lang='lat' dir='ltr'>Taylorus.’&#39;</span> 
     </span>
    </p>

    <p class='ocr_par' dir='ltr' id='par_1_9' title="bbox 47 2746 1498 2918">
     <span class='ocr_line' id='line_1_40' title="bbox 100 2746 1498 2798; baseline -0.003 -12"><span class='ocrx_word' id='word_1_342' title='bbox 100 2752 126 2770; x_wconf 90' lang='lat'><strong>“</strong></span> <span class='ocrx_word' id='word_1_343' title='bbox 149 2748 281 2786; x_wconf 84' lang='lat' dir='ltr'>V1110.</span> <span class='ocrx_word' id='word_1_344' title='bbox 314 2748 414 2786; x_wconf 91' lang='lat' dir='ltr'>Mihi</span> <span class='ocrx_word' id='word_1_345' title='bbox 433 2749 591 2798; x_wconf 87' lang='lat' dir='ltr'>quidem</span> <span class='ocrx_word' id='word_1_346' title='bbox 614 2748 715 2785; x_wconf 89' lang='lat' dir='ltr'>visus</span> <span class='ocrx_word' id='word_1_347' title='bbox 736 2755 795 2786; x_wconf 87' lang='lat' dir='ltr'>est</span> <span class='ocrx_word' id='word_1_348' title='bbox 816 2748 915 2786; x_wconf 90' lang='lat' dir='ltr'>idem</span> <span class='ocrx_word' id='word_1_349' title='bbox 938 2749 1047 2786; x_wconf 82' lang='lat' dir='ltr'>stilus</span> <span class='ocrx_word' id='word_1_350' title='bbox 1067 2748 1106 2786; x_wconf 90' lang='lat' dir='ltr'>in</span> <span class='ocrx_word' id='word_1_351' title='bbox 1127 2749 1201 2785; x_wconf 90' lang='lat' dir='ltr'>hac</span> <span class='ocrx_word' id='word_1_352' title='bbox 1223 2746 1411 2786; x_wconf 87' lang='lat' dir='ltr'>Oratione</span> <span class='ocrx_word' id='word_1_353' title='bbox 1441 2751 1498 2783; x_wconf 89' lang='lat' dir='ltr'>at-</span> 
     </span>
     <span class='ocr_line' id='line_1_41' title="bbox 49 2806 1498 2860; baseline -0.003 -13"><span class='ocrx_word' id='word_1_354' title='bbox 49 2822 125 2860; x_wconf 91' lang='lat' dir='ltr'>que</span> <span class='ocrx_word' id='word_1_355' title='bbox 145 2809 182 2847; x_wconf 89' lang='lat' dir='ltr'>in</span> <span class='ocrx_word' id='word_1_356' title='bbox 203 2809 376 2858; x_wconf 83' lang='lat' dir='ltr'>reliquiS,</span> <span class='ocrx_word' id='word_1_357' title='bbox 395 2823 484 2860; x_wconf 85' lang='lat' dir='ltr'>quae</span> <span class='ocrx_word' id='word_1_358' title='bbox 504 2810 584 2848; x_wconf 91' lang='lat' dir='ltr'>sine</span> <span class='ocrx_word' id='word_1_359' title='bbox 605 2812 865 2848; x_wconf 86' lang='lat' dir='ltr'>controversia</span> <span class='ocrx_word' id='word_1_360' title='bbox 894 2815 983 2847; x_wconf 91' lang='lat' dir='ltr'>sunt</span> <span class='ocrx_word' id='word_1_361' title='bbox 1002 2808 1258 2853; x_wconf 88' lang='lat' dir='ltr'>Andocideae,</span> <span class='ocrx_word' id='word_1_362' title='bbox 1286 2806 1418 2845; x_wconf 84' lang='lat' dir='ltr'>eadem</span> <span class='ocrx_word' id='word_1_363' title='bbox 1440 2806 1498 2844; x_wconf 85' lang='lat' dir='ltr'>di-</span> 
     </span>
     <span class='ocr_line' id='line_1_42' title="bbox 47 2872 801 2918; baseline 0 -8"><span class='ocrx_word' id='word_1_364' title='bbox 47 2872 160 2910; x_wconf 88' lang='lat' dir='ltr'>cendi</span> <span class='ocrx_word' id='word_1_365' title='bbox 180 2873 433 2918; x_wconf 88' lang='lat' dir='ltr'>vehementia,</span> <span class='ocrx_word' id='word_1_366' title='bbox 451 2873 586 2910; x_wconf 82' lang='lat' dir='ltr'>eadem</span> <span class='ocrx_word' id='word_1_367' title='bbox 607 2872 801 2911; x_wconf 86' lang='lat' dir='ltr'>libertas.&#39;’</span> 
     </span>
    </p>

    <p class='ocr_par' dir='ltr' id='par_1_10' title="bbox 46 2928 1501 3046">
     <span class='ocr_line' id='line_1_43' title="bbox 99 2928 1498 2984; baseline -0.002 -13"><span class='ocrx_word' id='word_1_368' title='bbox 99 2939 125 2955; x_wconf 89' lang='lat'><strong>“</strong></span> <span class='ocrx_word' id='word_1_369' title='bbox 144 2933 273 2971; x_wconf 85' lang='lat' dir='ltr'>Multa</span> <span class='ocrx_word' id='word_1_370' title='bbox 293 2946 450 2984; x_wconf 91' lang='lat' dir='ltr'>quoque</span> <span class='ocrx_word' id='word_1_371' title='bbox 469 2935 613 2979; x_wconf 83' lang='lat' dir='ltr'>insunt,</span> <span class='ocrx_word' id='word_1_372' title='bbox 638 2946 726 2983; x_wconf 83' lang='lat' dir='ltr'>quae</span> <span class='ocrx_word' id='word_1_373' title='bbox 754 2932 820 2970; x_wconf 92' lang='lat' dir='ltr'>uni</span> <span class='ocrx_word' id='word_1_374' title='bbox 840 2932 1020 2971; x_wconf 85' lang='lat' dir='ltr'>videntur</span> <span class='ocrx_word' id='word_1_375' title='bbox 1052 2930 1257 2969; x_wconf 85' lang='lat' dir='ltr'>convenire</span> <span class='ocrx_word' id='word_1_376' title='bbox 1287 2928 1498 2968; x_wconf 90' lang='lat' dir='ltr'>Andocidi.</span> 
     </span>
     <span class='ocr_line' id='line_1_44' title="bbox 46 2991 1501 3046; baseline -0.003 -12"><span class='ocrx_word' id='word_1_377' title='bbox 46 3008 86 3046; x_wconf 83' lang='lat' dir='ltr'>p.</span> <span class='ocrx_word' id='word_1_378' title='bbox 113 2999 178 3034; x_wconf 83' lang='lat'>29.</span> <span class='ocrx_word' id='word_1_379' title='bbox 212 3009 247 3034; x_wconf 89' lang='lat' dir='ltr'>v.</span> <span class='ocrx_word' id='word_1_380' title='bbox 276 2999 314 3034; x_wconf 84' lang='lat'>8.</span> <span class='ocrx_word' id='word_1_381' title='bbox 371 2995 579 3044; x_wconf 82' lang='grc' dir='ltr'>Μεγίστοις</span> <span class='ocrx_word' id='word_1_382' title='bbox 609 2997 863 3046; x_wconf 76' lang='grc' dir='ltr'>περιπέπτωκα</span> <span class='ocrx_word' id='word_1_383' title='bbox 896 2994 1090 3041; x_wconf 73' lang='grc' dir='ltr'>κινδύνοις,</span> <span class='ocrx_word' id='word_1_384' title='bbox 1116 2995 1313 3044; x_wconf 74' lang='grc' dir='ltr'>προθύμων</span> <span class='ocrx_word' id='word_1_385' title='bbox 1344 2991 1413 3045; x_wconf 73' lang='grc' dir='ltr'>μὲν</span> <span class='ocrx_word' id='word_1_386' title='bbox 1441 2994 1501 3029; x_wconf 80' lang='grc' dir='ltr'>καὶ</span> 
     </span>
    </p>
   </div>
  </div>
 </body>
</html>
