1818 3189
252 201 276 239 8
544 195 720 239 PETRI
756 193 878 235 VAN
912 193 1111 234 SPAAN
1146 191 1413 234 DISSERT.

250 295 645 338 διδάσκοντας-τούς
659 293 901 342 Ἰσοκράτους,
918 294 977 329 καὶ
990 293 1261 344 Ἀντιφῶντας,
1286 292 1345 328 καὶ
1359 290 1535 333 Ἰσαίους.
1575 290 1700 334 Quem

249 358 378 396 locum
407 356 557 394 Ionsius
589 355 638 392 de.
673 355 814 404 Script.
845 354 948 391 Hist.
978 353 1077 390 Phil.
1098 366 1138 403 p.
1160 356 1251 391 326.
1280 352 1328 390 de
1358 352 1432 390 alio
1461 351 1701 402 Antiplionte

249 418 406 469 accipit,
428 418 533 468 quod
551 416 758 466 Antiphon
781 422 871 466 post
891 416 1103 454 Isocratem
1125 415 1359 453 nominatur.
1399 414 1477 452 Sed
1499 414 1582 452 haec
1603 413 1702 452 ratio

249 494 327 518 non
366 480 524 517 multum
555 477 738 528 ponderis
774 477 905 515 habet.
965 478 1116 515 Etenim
1156 483 1304 514 veteres
1339 475 1558 526 Scriptores
1597 487 1702 525 saepe

249 541 449 591 negligunt
482 539 586 576 illam
622 540 660 576 in
689 538 856 576 citandis
887 539 1114 576 auctoribus
1144 538 1458 587 chronologicam
1493 535 1701 588 ἀκρίβειαν.

250 604 478 652 Anonymus
499 600 678 651 Scriptor
706 596 932 639 Rhetorices
960 613 1001 651 p.
1028 604 1094 639 24.
1129 599 1292 637 Isocrati
1326 599 1527 648 postponit
1560 599 1702 648 Empe-

250 662 422 706 doclem;
453 662 519 712 qui
539 668 668 700 tamen
687 661 755 699 diu
783 668 871 699 ante
901 662 1112 699 Isocratem
1141 660 1259 698 vixit:
1290 660 1340 697 Αἱ
1366 659 1402 697 δὲ
1422 667 1486 705 τῆς
1507 660 1725 710 ἑρμηνείας“

249 731 312 762 τοῦ
332 724 450 772 λόγου
469 727 646 775 τέσσαρες
667 724 794 774 α’ρεταὶ
807 725 919 765 -ὡς
939 722 1138 771 Ἰσοκράτει
1159 723 1218 759 καὶ
1237 720 1491 772 Ἐμπεδοκλεῖ,
1507 721 1700 772 Διονυσίῳ,

248 785 485 840 Φιλοστράτιέ)
503 786 562 822 καὶ
591 784 804 838 Ἰαμβλίχῳ
834 784 943 822 δοκεῖ.
974 785 1041 821 ubi
1069 784 1128 820 10.
1149 783 1371 821 Schefferus
1391 782 1507 820 etiam
1529 783 1702 829 miratur,

248 847 529 897 Empedoclem
551 847 715 884 Isocrati
736 846 933 897 postponi.
989 846 1135 883 Verum
1166 858 1243 882 non
1266 844 1530 891 dissimulabo,
1553 844 1644 882 mihi
1664 844 1703 882 in

249 908 327 947 hoc
347 909 435 946 loco
457 908 622 946 blandiri
644 908 904 946 acutissimam
926 907 1008 945 Cel.
1029 906 1212 944 Praesidis
1240 906 1521 955 conjecturam,
1547 906 1706 946 Νεοκλεῖ

248 973 475 1020 reponentis
508 982 580 1021 pro
609 969 865 1020 Ἐμπεδοκλεῖ.
897 968 1073 1019 quamvis
1104 968 1221 1005 sciam
1246 981 1266 1004 e
1287 967 1551 1011 Quinctiliano
1572 968 1647 1005 III.
1665 973 1705 1006 1.

251 1036 262 1052 ‘
279 1032 559 1082 Empedoclem
580 1031 746 1082 primum
767 1030 932 1068 movisse
953 1031 1084 1080 aliqua
1104 1030 1206 1067 circa
1228 1029 1490 1068 Rhetoricen.'
1535 1029 1704 1068 Neocles

249 1094 381 1133 rhetor
409 1094 592 1132 laudatur
612 1106 631 1130 a
652 1093 870 1132 Scholiaste
901 1094 1166 1143 Hermogenes
1187 1106 1226 1143 p.
1249 1098 1339 1132 362.
1360 1098 1400 1130 et
1419 1105 1459 1142 p.
1479 1096 1571 1131 365.
1627 1092 1703 1131 Sed

250 1157 335 1195 liaec
354 1160 404 1199 ὡς
423 1157 462 1196 ἐν
481 1155 641 1207 παρόδῳ.
696 1156 798 1193 Cum
826 1155 942 1206 igitur
968 1155 1173 1204 Antiphon
1188 1154 1353 1203 juvenes
1372 1153 1606 1203 eloquentiae
1625 1159 1703 1192 stu·

249 1219 383 1257 diosos
403 1218 612 1269 praeceptis
633 1217 836 1263 imbueret,
859 1230 934 1254 non
958 1217 1050 1254 satis
1071 1216 1221 1262 habuit,
1249 1216 1335 1253 illos
1355 1228 1422 1253 ore
1442 1215 1612 1261 erudire,
1634 1215 1704 1254 sed

249 1279 290 1317 in
309 1280 460 1317 illorum
480 1279 596 1317 etiam
618 1279 777 1330 gratiam
791 1279 947 1330 primus
967 1278 1142 1328 quidem,
1163 1283 1204 1314 ut
1224 1284 1402 1314 auctores
1418 1283 1508 1314 sunt
1525 1276 1704 1320 Quincti-

248 1341 469 1380 lian.III.1.
502 1340 911 1379 Pseudo-Plutarchus
927 1346 966 1378 et
980 1339 1158 1384 Photiu5‚
1175 1337 1313 1376 Artem
1335 1337 1588 1376 Rhetoricam
1605 1350 1705 1375 com-

244 1404 397 1455 posuit.
453 1403 542 1440 Hoc
562 1415 660 1453 opus
681 1403 862 1440 laudatur
882 1415 903 1439 a
930 1401 1093 1452 Dionys.
1112 1400 1238 1438 Halic.
1259 1400 1331 1450 Ep.
1353 1399 1401 1437 ad
1425 1402 1642 1437 Ammaeum
1663 1411 1703 1450 p.

251 1470 343 1503 120.
401 1464 611 1502 Ammonio
631 1478 666 1502 v.
686 1463 856 1515 Σημεῖον,
879 1463 1027 1514 Apsine
1048 1464 1132 1500 Art.
1155 1462 1273 1500 Rhet.
1293 1475 1333 1512 p.
1354 1466 1446 1503 719.
1468 1467 1507 1499 et
1527 1460 1642 1506 forte,
1665 1466 1707 1498 ut

251 1526 405 1565 Ionsius
437 1526 486 1564 de
517 1526 662 1576 Script.
693 1526 796 1563 Hist.
826 1526 924 1563 Phil.
953 1539 990 1576 p.
1013 1529 1104 1563 325.
1138 1530 1265 1575 putat,
1293 1537 1316 1562 a
1337 1524 1492 1561 Galeno
1520 1522 1632 1573 praef.
1653 1522 1704 1561 ad

252 1589 385 1626 Gloss.
421 1588 656 1639 Hippocrat.
714 1587 791 1625 Sed
824 1600 901 1626 non
931 1594 989 1625 est
1018 1586 1255 1624 omittendus
1286 1586 1396 1623 locus
1431 1585 1602 1622 Pollucis
1631 1585 1704 1623 VI.

250 1654 341 1690 143.
364 1650 430 1689 ubi
453 1651 520 1688 has
550 1650 652 1700 ipsas
677 1653 818 1702 τέχνας
845 1651 1035 1701 ῥητορικὰς
1064 1649 1242 1695 laudans,
1264 1648 1420 1699 adjicit:
1451 1647 1598 1686 δοκοῦσι
1616 1647 1644 1686 δ’
1662 1649 1704 1686 οὗ

250 1718 416 1762 γνήσιαι.
471 1712 589 1750 Haud
610 1712 719 1749 nobis
740 1718 906 1756 constat,
928 1725 1024 1761 quas
1046 1712 1183 1749 Pollux
1211 1711 1258 1748 de
1286 1709 1402 1759 hujus
1435 1709 1525 1747 libri
1551 1711 1704 1758 γνησιό-

249 1792 330 1822 τητι
349 1774 556 1812 dubitandi
577 1774 743 1811 rationes
758 1773 937 1811 habuerit
954 1787 963 1812 ι
993 1786 1162 1823 cumque
1180 1772 1278 1809 liber
1293 1770 1596 1818 interciderit‚in
1612 1784 1706 1809 neu-

249 1842 347 1874 tram
368 1843 517 1886 partem
538 1835 689 1885 liquido
710 1834 959 1885 pronunciari
980 1840 1122 1883 potest.
1178 1835 1321 1871 Verum
1343 1831 1493 1870 Polluci
1521 1845 1597 1870 non
1619 1839 1704 1870 tan-

250 1904 331 1936 tum
349 1897 581 1948 opponimus
603 1897 811 1946 scriptores
833 1896 947 1933 modo
967 1895 1158 1940 laudatos,
1174 1894 1243 1932 sed
1264 1894 1378 1932 etiam
1395 1893 1706 1931 Grammaticum

250 1960 337 1997 MS.
354 1960 584 2010 antiquitate
605 1966 642 1996 et
662 1958 879 1996 eruditione
896 1963 1160 2008 praestantem,
1185 1956 1253 2006 qui
1273 1969 1393 2006 penes
1415 1955 1549 1994 Celeb.
1567 1955 1704 1994 Ruhn-

250 2020 407 2059 kenium
426 2027 498 2067 est,
518 2034 538 2058 e
559 2020 657 2058 Cod.
682 2020 934 2058 Bibliothecae
954 2018 1293 2070 Sangermanensis
1313 2017 1547 2067 descriptus.
1588 2017 1641 2063 Is,
1662 2022 1706 2055 nt

249 2096 365 2121 voces
386 2082 682 2132 locutionesque
702 2082 752 2119 ab
773 2081 969 2119 Atticistis
993 2088 1135 2119 temere
1157 2079 1399 2131 proscriptas
1421 2078 1606 2124 vindicet,
1628 2078 1704 2116 hoc

250 2143 470 2182 institutum
490 2150 609 2191 tenet,
626 2151 668 2182 ut
687 2144 769 2181 illas
790 2143 986 2190 ostendat,
1006 2144 1056 2180 ab
1071 2142 1226 2193 optimis
1245 2148 1285 2179 et
1305 2140 1518 2179 veterrimis
1539 2139 1705 2190 scripto·

248 2205 353 2244 ribus
383 2219 466 2243 esse
496 2211 715 2255 usurpatas.
773 2205 951 2255 Cumque
983 2205 1083 2242 inter
1114 2204 1184 2242 hos
1218 2203 1438 2253 scriptores,
1469 2200 1537 2251 qui
1570 2214 1705 2240 omnes

251 2268 510 2305 Menandrum
548 2273 665 2305 aetate
695 2274 894 2327 superant,
933 2267 1215 2317 Antiphontem
1249 2267 1364 2304 etiam
1393 2265 1433 2303 ἐν
1461 2268 1504 2319 τῇ
1534 2265 1705 2319 ῥητορικῇ

251 2331 362 2383 τέχνῃ
396 2328 549 2375 referat,
582 2343 628 2366 eo
662 2330 744 2379 ipso
775 2330 866 2367 satis
895 2329 1055 2375 indicat,
1077 2343 1116 2367 se
1147 2330 1249 2368 hunc
1272 2329 1409 2367 librum
1432 2327 1573 2366 veteris
1594 2328 1706 2365 Anti-

251 2391 409 2442 phontis
429 2391 634 2441 genuinum
658 2392 932 2428 monimentum
948 2391 1161 2440 judicasse.
1202 2392 1258 2428 Ex
1279 2390 1414 2429 eodem
1437 2390 1705 2427 Grammatico

250 2453 450 2499 discimus,
470 2454 567 2490 hanc
587 2452 723 2490 Artem
745 2453 867 2490 tribus
887 2453 993 2490 libris
1015 2453 1243 2492 constitisse.
1287 2453 1388 2497 Quae
1409 2450 1499 2488 inde
1520 2458 1705 2502 excerpta

250 2515 474 2561 afferuntur,
497 2515 581 2553 haec
614 2521 728 2552 sunt:
758 2515 1127 2566 Ἀπαρασκεῦειστον.
1155 2517 1343 2566 Ἀντιφῶν
1370 2512 1406 2561 γ’
1427 2513 1620 2563 ῥητορικῆς
1646 2514 1700 2551 τέ-

250 2594 361 2627 χνης.
420 2577 522 2615 Hinc
542 2578 653 2627 plane
675 2575 925 2614 confirmatur
955 2576 1186 2626 conjectura
1211 2573 1424 2614 doctissimi
1448 2573 1704 2621 Jungerman-

252 2639 302 2684 ni,
334 2652 412 2689 qua
441 2640 477 2677 in
504 2640 664 2677 Polluce
696 2639 719 2677 l.
748 2653 782 2676 c.
820 2652 890 2688 pro
922 2639 1079 2688 vulgato
1113 2637 1284 2684 Ξενοφῶν
1322 2635 1476 2686 reponit
1505 2636 1704 2687 Ἀντιφῶν.

252 2707 274 2747 †
293 2703 509 2751 Ἀστοργία,
528 2702 790 2752 Φιλοστοργία,
812 2700 973 2750 Στοργή.
1007 2701 1196 2751 Ἀντιφῶν
1215 2699 1255 2736 ἐν
1275 2697 1312 2745 β’
1331 2700 1413 2748 περὶ
1431 2704 1494 2742 τῆς
1512 2698 1703 2748 ῥητορικῆς

252 2766 402 2814 τέχνης.
449 2767 473 2804 †
494 2763 776 2813 ’()λιγοφιλι’(ιν.
804 2764 991 2812 Ἀντιφῶν
1011 2762 1059 2809 γ’.
1082 2761 1148 2798 ubi
1178 2760 1316 2799 tertius
1336 2758 1456 2797 Artis
1477 2758 1703 2798 Rhetoricae

253 2824 350 2862 liber
369 2825 606 2875 intelligitur.

308 2886 391 2924 Nec
409 2894 535 2925 tamen
550 2885 723 2937 Antipho
740 2899 890 2924 omnem
911 2891 1064 2923 aetatem
1082 2882 1263 2921 contrivit
1293 2882 1528 2932 eloquentiae
1557 2894 1704 2932 praece-

253 2947 330 2997 ptis
351 2948 562 2995 tradendis,
584 2948 650 2987 scd
681 2947 828 2998 majora
858 2960 987 2993 ausus,
1007 2944 1267 2996 gravissimam
1303 2943 1468 2982 oratoris
1497 2954 1702 2993 personam
