1818 3189
252 207 303 249 16
539 206 714 251 PETRI
747 206 871 251 VAN
902 206 1099 251 SPAAN
1131 205 1397 249 DISSERT.

247 330 348 364 χετο,
362 315 574 364 ἠπιστάμην
593 313 650 351 ὅτι
665 315 723 351 καὶ
742 313 775 352 οἱ
794 315 974 366 πρόθυμοι
993 316 1038 368 τῇ
1056 316 1161 353 πόλει
1180 317 1428 364 γεγενημένοι
1449 314 1586 357 πάντες
1598 314 1686 351 ὑπό-

246 391 349 418 πτως
368 376 456 424 ὑμῖν
475 375 595 420 ἕξοιεν.
653 374 731 418 Qui
758 376 867 415 locus
894 389 982 415 cum
1005 375 1250 428 Thucydide,
1271 382 1310 415 et
1334 376 1589 413 Monumento
1615 387 1687 425 pu-

248 436 354 474 blico
375 435 476 486 apud
500 434 760 482 Plutarchum,
787 435 985 475 conciliari
1011 450 1087 475 non
1111 443 1253 487 potest,
1275 436 1347 474 nisi
1375 436 1475 475 forte
1501 435 1688 481 dicamus,

245 497 521 534 Theramenem
548 502 750 546 propterea
780 497 1033 548 Antiphontis
1053 498 1210 537 exitium
1232 497 1385 548 triginta
1407 496 1599 548 Tyrannis
1618 496 1688 534 im-

247 564 417 608 putasse,
435 557 540 607 quod
554 558 686 607 plures
706 558 742 596 in
763 572 895 597 eorum
915 572 1075 597 numero
1089 565 1231 606 essent,
1249 559 1419 610 quiante
1435 558 1688 597 constitutum

250 619 590 668 Trigintaviratum
614 620 898 670 Antiphontem
920 621 958 658 in
978 620 1186 670 perniciem
1208 620 1462 670 impulissent.
1520 621 1574 656 At
1603 618 1688 656 haec

246 681 294 719 de
307 680 557 729 Antiphontis
577 686 697 720 morte
719 681 878 730 querela
898 682 1018 719 cuivis
1038 682 1166 731 potius
1183 680 1438 726 convenisset,
1453 693 1567 730 quam
1588 679 1688 718 The-

246 740 406 788 rameni,
426 741 463 778 in
484 753 598 792 quem
612 754 729 780 unum
747 742 881 793 Lysias
895 743 1006 780 Orat.
1026 743 1113 781 adv.
1134 742 1381 781 Eratosthen.
1397 754 1435 791 p.
1455 745 1546 780 216.
1566 739 1689 792 conji-

248 803 303 841 cit
322 801 465 840 crimen
488 802 741 851 Antiphontis
760 803 951 842 interfecti
968 817 977 841 :
1006 802 1240 853 βουλόμενος
1261 802 1297 841 δὲ
1316 806 1364 855 τῷ
1382 804 1541 854 ὑμετέρῳ
1560 804 1691 846 πλῆθει

249 864 367 902 δοκεῖν
393 863 525 907 πιστὸς
549 863 658 910 εἶναι,
681 864 915 917 Ἀντιφῶντα
944 867 1005 902 καὶ
1024 867 1330 916 Ἀρχεπτόλεμον
1359 864 1557 916 φιλτάτους
1579 864 1692 905 ὄντας

243 927 344 977 αὐτῷ
357 932 572 975 κατηγορῶν
587 927 812 964 ἀπέκτεινεν,
842 926 917 963 Cui
938 926 1171 964 dubitationi
1193 926 1294 963 forte
1315 926 1401 976 quis
1423 926 1477 963 ita
1495 930 1692 970 occurrat,

247 995 290 1027 ut
305 988 421 1032 dicat,
434 987 725 1034 Theramenem,
745 1001 832 1025 cum
852 987 954 1025 idem
971 989 1058 1033 sibi,
1080 988 1185 1038 quod
1205 987 1438 1038 Antiphonti
1456 993 1585 1031 antea,
1603 998 1692 1035 sup-

247 1049 406 1100 plicium
430 1049 683 1098 impenderet,
703 1049 762 1086 vel
782 1049 1046 1100 poenitentiam
1067 1062 1180 1100 agere
1201 1049 1376 1099 coepisse,
1399 1048 1503 1099 qnod
1524 1053 1693 1086 veterem

249 1111 417 1151 amicum
437 1110 685 1160 perdidisset,
708 1111 768 1148 vel
788 1112 933 1149 crimen
954 1123 977 1148 a
995 1124 1036 1148 se
1061 1111 1265 1149 transferre
1284 1110 1452 1148 voluisse
1478 1109 1514 1147 in
1541 1109 1696 1159 triginta

247 1173 466 1223 Tyrannos.
515 1171 590 1210 Sed
609 1171 787 1218 fatemur,
812 1172 979 1210 animum
1002 1171 1119 1221 magis
1142 1171 1179 1209 in
1202 1171 1302 1209 hanc
1327 1177 1476 1221 partem
1495 1169 1694 1214 inclinare,

251 1241 293 1272 ut
313 1240 537 1279 statuamus,
558 1234 857 1284 Xenophontem
880 1247 957 1271 non
978 1233 1026 1271 de
1046 1233 1290 1284 Antiphonte
1310 1231 1550 1270 Rhamnusia
1571 1231 1692 1282 loqui,

253 1295 318 1334 sed
341 1294 389 1332 de
407 1294 496 1339 alio,
515 1294 760 1345 Lysidonidis
776 1294 870 1340 filio,
888 1308 1003 1345 quem
1026 1295 1159 1346 Lysias
1174 1295 1212 1333 in
1233 1294 1407 1333 oratione
1423 1292 1640 1344 deperdita,
1657 1299 1697 1333 et

251 1358 529 1406 Theopompus
548 1356 685 1394 dicunt
704 1358 776 1395 sub
797 1357 950 1408 triginta
969 1357 1160 1407 Tyrannis
1181 1357 1351 1407 periisse.

305 1419 507 1456 Hactenus
535 1417 584 1455 de
612 1418 702 1464 vita,
729 1419 843 1457 rebus
872 1420 1004 1468 gestiS,
1024 1425 1064 1456 et
1094 1425 1218 1456 morte
1249 1416 1526 1467 Antiphontis;
1555 1415 1697 1467 quibus

254 1493 452 1531 speramus
474 1478 711 1517 satisfactum
733 1494 816 1518 esse
839 1480 1010 1530 Tayloro
1032 1480 1079 1518 V.
1100 1480 1143 1518 C.
1167 1480 1204 1517 in
1226 1480 1299 1517 vita
1323 1478 1450 1530 Lysiae
1477 1491 1517 1528 p.
1538 1483 1601 1517 39.
1624 1477 1696 1515 du-

256 1542 408 1588 bitanti,
429 1555 476 1580 an
504 1541 705 1591 Antiphon
732 1557 753 1580 e
782 1542 947 1592 collegio
974 1542 1115 1580 CCCC
1136 1541 1317 1580 Virorum
1347 1540 1450 1579 idem
1476 1539 1612 1586 fuerit,
1630 1539 1698 1591 qui

253 1604 453 1654 Antiphon
475 1604 632 1640 Orator.

740 1704 919 1744 CAPUT
948 1705 1213 1744 TERTIUM.

308 1783 508 1833 Sequitur,
536 1788 577 1819 ut
605 1781 654 1819 de
684 1782 825 1831 ingenii
857 1782 1128 1831 monumentis,
1159 1783 1299 1833 quibus
1329 1783 1529 1834 Antiphon
1557 1795 1697 1821 nomen

255 1858 364 1884 suum
390 1843 608 1895 posteritati
628 1843 926 1890 commendavit,
948 1844 1111 1882 breviter
1135 1843 1323 1882 dicamus.
1379 1843 1459 1882 Sed
1486 1844 1548 1882 hic
1583 1845 1697 1883 nobis

255 1908 335 1946 fere
355 1906 476 1944 otium
492 1905 668 1943 fecerunt
688 1905 769 1942 Viri
789 1905 966 1944 literariae
984 1906 1152 1944 historiae
1171 1905 1409 1956 peritissimi,
1424 1906 1483 1944 Io.
1503 1907 1698 1944 Meursius

255 1970 293 2006 in
322 1967 505 2006 Biblioth.
529 1967 676 2011 Attica,
705 1966 751 2005 T.
781 1967 833 2005 X.
863 1967 984 2005 Thes.
1012 1970 1104 2006 Ant.
1136 1969 1208 2006 Gr.
1240 1981 1280 2018 p.
1312 1971 1428 2005 1422.
1459 1968 1517 2006 Io.
1547 1968 1699 2006 Iousius

256 2031 356 2070 libro
377 2029 517 2079 saepius
540 2028 712 2074 laudato,
738 2035 776 2067 et
808 2029 865 2066 10.
886 2029 977 2068 Alb.
998 2028 1197 2066 Fabricius
1224 2029 1326 2068 Bihl.
1347 2030 1419 2068 Gr.
1449 2032 1476 2068 l.
1498 2030 1554 2068 ΙΙ.
1575 2043 1612 2068 c.
1631 2033 1698 2068 26.

257 2106 295 2144 p.
317 2095 409 2131 837.
466 2089 714 2140 Attingamns
733 2090 847 2140 igitur
862 2103 907 2128 ea
926 2096 1089 2137 tantum,
1109 2103 1197 2140 quae
1212 2104 1233 2128 a
1249 2090 1337 2128 viris
1357 2091 1519 2141 egregiis
1534 2090 1594 2128 vel
1613 2103 1700 2140 per·

258 2166 389 2205 peram
405 2152 508 2190 dicta
530 2152 617 2198 sint,
638 2151 697 2189 vel
716 2153 988 2202 praetermissa.
1047 2152 1107 2190 De
1127 2152 1379 2202 Antiphontis
1399 2156 1516 2206 τέχνῃ
1533 2153 1700 2203 ῥητορικῇ

259 2229 372 2266 supra
395 2214 575 2260 diximus,
590 2227 680 2264 quae
698 2219 870 2265 repetere
891 2228 966 2253 non
986 2221 1045 2252 est
1063 2228 1233 2254 necesse.
1291 2214 1498 2252 Orationes
1517 2214 1602 2264 ejus
1622 2228 1703 2254 sex-

258 2278 385 2327 aginta
406 2276 496 2313 olim
517 2277 757 2322 exstiterunt,
777 2291 798 2313 e
818 2276 958 2326 quibus
987 2276 1180 2324 Caecilins,
1200 2277 1360 2322 Rhetor,
1377 2276 1509 2326 viginti
1529 2276 1702 2328 quinque

258 2338 362 2376 velut
379 2337 601 2376 subdititias
621 2337 762 2375 familia
783 2338 990 2376 submovit.
1021 2338 1182 2376 Photius
1197 2345 1238 2376 et
1257 2338 1514 2376 Plutarchus:
1533 2339 1704 2389 φέρονται

260 2399 295 2438 ὂὲ
315 2402 424 2436 αὑτοῦ
443 2400 551 2447 λόγοι
570 2400 751 2444 ἑξήκοντα,
775 2397 827 2437 ὧν
852 2401 870 2437 ὑ
892 2400 1091 2443 Καικίλιος
1111 2402 1224 2438 ε’ἱκοσι
1248 2402 1306 2438 καὶ
1332 2403 1440 2438 πέντε
1458 2401 1570 2452 φησὶν
1593 2401 1705 2438 αὐτοῦ

260 2459 570 2509 καταῲεὺἒεσὲαι,
599 2463 646 2502 ὡς
674 2458 771 2497 εἶναι
795 2459 878 2503 τούς
906 2461 1155 2513 διαφυγόντας
1180 2462 1219 2499 τὸ
1245 2463 1366 2506 νόθον,
1387 2458 1495 2498 πέντε
1523 2463 1583 2498 καὶ
1604 2462 1706 2512 τριά-

260 2538 388 2561 κοντα.
445 2522 520 2560 Sed
552 2535 598 2560 ex
625 2522 684 2559 his
713 2535 848 2572 paucae
878 2529 1026 2560 tantum
1056 2536 1262 2561 commune
1297 2524 1487 2561 bonorum
1518 2521 1704 2560 librorum

261 2583 500 2634 naufragium
522 2590 748 2621 evaserunt:
779 2584 1012 2634 reliquarum
1035 2585 1094 2622 vix
1121 2585 1221 2622 tituli
1241 2584 1334 2622 salvi
1357 2585 1405 2623 ad
1427 2597 1496 2622 nos
1522 2597 1708 2635 pervene-

262 2653 367 2685 runt.
407 2646 537 2696 Atque
556 2646 634 2688 hic,
656 2645 762 2695 qnod
786 2659 904 2696 snpra
919 2647 1177 2696 promisimus,
1190 2659 1213 2684 a
1228 2646 1339 2684 nobis
1353 2645 1617 2697 praestandum
1636 2651 1708 2692 est,

265 2715 307 2747 ut
316 2708 419 2747 velut
437 2720 505 2758 per
519 2707 782 2745 inductionem
795 2707 1115 2754 demonstremus,
1126 2709 1182 2746 10.
1198 2708 1366 2746 Ionsium
1386 2707 1607 2753 Orationes,
1620 2719 1710 2757 quae

265 2775 484 2820 supersunt,
506 2775 648 2807 temere
673 2774 712 2806 et
739 2767 956 2806 inconsulte
977 2781 1046 2818 pro
1065 2768 1413 2808 declamationibus
1433 2781 1454 2806 a
1474 2767 1709 2806 scholastico

266 2832 418 2870 homine
433 2829 611 2869 confictis
629 2829 822 2871 habuisse.
853 2829 910 2866 Ex
925 2830 1036 2867 Orat.
1056 2831 1123 2868 IV.
1139 2843 1178 2880 p.
1194 2834 1328 2876 118‚6.
1342 2829 1462 2870 ed.H.
1474 2829 1711 2880 Stephan-

267 2892 413 2940 λογὴὲη
430 2893 522 2932 citat
536 2891 672 2931 Pollux
690 2892 742 2931 11.
759 2895 845 2930 119.
885 2891 941 2928 Ex
958 2891 1092 2929 eadem
1109 2892 1220 2930 Orat.
1235 2904 1274 2942 p.
1292 2895 1428 2939 119‚6.
1440 2891 1566 2930 locum
1580 2889 1713 2928 laudat

268 2954 493 2993 Ammonius
514 2968 549 2992 v.
565 2953 793 3004 Ένθῦμημα.
829 2953 928 2997 Quae
948 2953 987 2990 in
1003 2953 1112 2993 Orat.
1129 2954 1174 2990 V.
1196 2966 1234 3003 p.
1253 2957 1420 3001 1⁴20,26.
1436 2953 1632 3003 leguntur,
1650 2951 1714 2990 τὸν
