1925 3272
459 186 807 231 ORATORUM
841 186 1229 230 GRAECORUM.
1497 188 1569 230 xxi

106 309 302 361 discipuli,
338 307 634 358 Theopompus,
667 305 862 357 Ephorus,
891 306 1087 353 Philistus,
1117 313 1160 346 ut
1181 307 1322 346 Cicero
1355 307 1421 345 ait.
1453 306 1562 345 Idem

105 374 154 412 de
183 372 269 410 aliis
302 370 495 409 historicis
523 368 825 420 refertnDionys.
844 368 1044 407 Halicarn.
1068 369 1105 407 in
1129 369 1345 416 Dinarcho‚
1365 373 1397 417 ξ.
1417 370 1463 416 η’.
1480 370 1513 407 οἱ
1535 368 1564 406 δ’

103 435 318 486 Ἰσοκράτην
354 434 413 469 καὶ
459 434 504 469 τὰ
534 431 768 479 Ἰσοκράτους
797 431 1121 469 ἀποτυπώσασθαι
1155 435 1395 480 θελήσαντες,
1428 432 1562 478 ὕπτιοι,

104 498 163 533 καὶ
183 497 317 547 ψυχροὶ
349 495 408 531 καὶ
434 496 674 545 ἀσύστροφοι,
702 494 760 530 καὶ
793 491 990 536 ἀναλὲεἶς.
1017 491 1116 531 οὗτοι
1145 493 1173 531 δ’
1200 497 1292 533 εἰσὶν
1318 496 1353 533 οἱ
1386 496 1467 545 περὶ
1493 495 1564 531 Τί·

103 573 231 608 μαιον,
255 556 314 593 καὶ
347 554 554 601 Πλάτωνα,
587 555 647 591 καὶ
679 553 912 603 Σωσιγένην.
951 553 1018 591 ubl
1055 567 1171 605 grave
1209 555 1358 603 vilium,
1389 555 1494 606 quod
1527 555 1564 592 in

104 620 142 656 in
170 618 324 657 nomine
346 616 540 655 Πλάτωνα
563 616 698 663 haeret,
722 615 776 653 sic
804 615 1105 665 corrigendum:
1135 618 1170 654 οἱ
1197 619 1278 667 περὶ
1298 618 1478 668 Τίμαιον,
1507 618 1566 654 καὶ

103 680 268 727 Ψάωνα,
293 681 354 717 καὶ
377 679 605 727 Σωσιγένην.
627 679 768 725 Psaon,
791 677 1028 725 Plataeensis,
1050 677 1221 716 historiae
1242 680 1425 730 scriptor,
1448 692 1564 730 quem

103 743 205 781 idem
231 741 481 793 reprehendit
508 741 556 778 de
584 746 776 778 structura
805 753 860 778 or.
888 753 927 790 p.
949 743 987 777 5.
1008 739 1076 778 ubi
1095 739 1230 778 Σάωνα
1250 740 1454 791 legebatur
1475 746 1565 778 ante

104 805 278 843 Ionsium
298 804 346 842 de
368 802 515 853 Script.
536 802 586 841 H.
609 803 681 840 Ph.
700 803 723 840 l.
741 806 778 840 ⁶2.
800 815 838 852 p.
858 806 919 840 11.
943 807 982 839 et
1003 801 1200 840 Valesium
1219 802 1384 840 Emend.
1401 802 1477 839 Ill.
1496 806 1562 840 14.

158 866 313 904 XVIII.
345 863 1356 915 LEODAMAS,Acharnensis,Isocratisdiscipulus.
1387 864 1564 901 Pseudo-

101 927 299 966 Plutarch.
321 927 348 965 l.
377 940 412 964 c.
434 940 472 976 p.
495 930 586 966 837.
614 926 665 963 D.
689 932 726 964 et
744 926 905 964 Photius
926 925 1027 964 Cod.
1048 926 1212 964 CCLX.
1235 940 1274 977 p.
1298 931 1416 966 1456.
1473 926 1565 964 Elo-

101 990 261 1041 quentia
279 995 464 1040 quantum
486 988 723 1035 excelluerit,
743 988 971 1039 intelligitur
990 1002 1036 1026 ex
1059 989 1324 1027 Demosthene
1345 1002 1379 1027 c.
1405 988 1562 1039 Leptin.

100 1055 132 1099 ξ.
152 1049 229 1099 λβ.
251 1050 317 1088 sed
348 1051 470 1087 multo
498 1049 618 1099 magis
649 1063 695 1086 ex
719 1050 900 1087 AEschine
929 1063 964 1087 c.
988 1050 1148 1100 Ctesiph
1172 1055 1203 1098 ξ.
1224 1050 1294 1101 μδᾭ
1352 1051 1565 1088 Accusavit

101 1113 382 1151 Callistratum.
432 1111 634 1149 Aristotel.
658 1112 773 1149 Rhet.
802 1112 835 1149 I.
858 1124 898 1161 p.
921 1115 1011 1150 126.
1034 1111 1124 1149 item
1159 1113 1369 1150 Chabriam
1403 1118 1565 1163 propter

100 1174 259 1224 praemia
284 1173 442 1224 publice
470 1174 505 1211 ei
541 1173 702 1210 tributa.
734 1172 990 1211 Demosthen.
1021 1181 1059 1211 et
1080 1174 1279 1211 Aristotel.
1302 1174 1343 1211 ll.
1366 1187 1426 1211 cc.
1474 1174 1565 1224 Ipse

100 1243 304 1274 accusatus
323 1249 345 1272 a
365 1235 627 1285 Thrasybulo,
645 1234 880 1285 Colyttensi,
901 1235 939 1272 ni
958 1234 1083 1282 fallor,
1105 1249 1144 1273 se
1165 1235 1353 1273 defendit.
1411 1237 1565 1274 Aristo-

101 1297 167 1335 tel.
189 1297 304 1334 Rhet.
328 1296 380 1333 ΙΙ.
404 1309 442 1347 p.
464 1300 555 1334 503.
614 1296 864 1346 Legationem
886 1297 1056 1348 suscepit
1080 1298 1129 1335 ad
1151 1297 1381 1342 Thebanos,
1403 1297 1566 1349 quibus-

101 1372 190 1396 cum
227 1358 301 1408 ipsi
348 1357 527 1407 quaedam
573 1357 824 1396 necessitudo
862 1357 1147 1396 intercedebat.
1224 1358 1430 1398 AEschines
1475 1360 1566 1398 adv.

101 1420 278 1470 Ctesiph.
307 1421 332 1458 l.
361 1433 396 1458 c.
454 1420 495 1457 Si
515 1420 668 1470 vulgata
700 1420 935 1469 exemplaria
968 1421 1347 1460 Pseudo-Plutarchi
1368 1429 1406 1460 et
1434 1422 1567 1461 Photii

102 1482 140 1519 in
175 1482 252 1520 vita
286 1482 482 1520 AEschinis
515 1494 740 1532 sequamur,
770 1482 872 1519 sicut
904 1481 968 1519 illa
1008 1482 1131 1519 secuti
1164 1489 1253 1520 sunt
1287 1483 1487 1522 Victorius
1517 1484 1566 1522 ad

104 1543 304 1582 Aristotel.
337 1544 501 1581 Rhetor.
533 1543 565 1579 I.
597 1556 636 1593 p.
660 1548 750 1581 126.
777 1549 818 1580 et
845 1543 977 1580 Olear.
1003 1544 1053 1581 ad
1083 1544 1305 1584 Philostrat.
1335 1545 1384 1583 de
1405 1546 1452 1584 V.
1473 1547 1512 1584 S.
1533 1546 1566 1586 I.
1588 1554 1665 1590 144

104 1609 167 1642 18.
204 1618 242 1655 p.
273 1609 364 1643 509.
395 1604 612 1642 Leodamas
645 1603 825 1642 AEschini
860 1604 960 1643 viam
998 1606 1046 1643 ad
1094 1607 1356 1657 eloquentiam
1403 1610 1567 1660 praeivit.

105 1667 337 1714 Quanquam
364 1666 468 1716 apud
504 1665 688 1702 Photium
719 1665 794 1703 alio
823 1665 929 1713 loco,
952 1666 1051 1704 Cod.
1074 1667 1181 1705 LXI.
1203 1682 1241 1718 p.
1270 1673 1335 1708 61.
1365 1671 1569 1710 AEschiues

104 1726 328 1765 Ant-alcidae
345 1726 561 1776 discipulus
582 1725 738 1764 dicitur.
796 1726 939 1765 Verum
957 1740 1028 1777 pro
1049 1728 1329 1780 Λεωδάμαντος
1348 1736 1387 1768 et
1405 1733 1568 1770 ’Λνταλ-

104 1788 187 1827 κίδα
207 1788 414 1839 legendum
438 1794 498 1826 est
511 1788 822 1839 Ἀλκιδάμαντος.
880 1789 983 1826 Nam
997 1789 1137 1828 Suidas
1157 1804 1192 1827 v.
1215 1793 1407 1846 Αἰσχίνης
1427 1793 1570 1832 diserte

106 1851 236 1902 tradit,
257 1863 342 1888 eum
362 1849 646 1888 Alcidamantis
668 1850 814 1888 Eleatae
834 1849 1069 1901 discipulum
1091 1852 1221 1890 fuisse.
1279 1853 1329 1891 Et
1349 1855 1404 1892 sic
1421 1855 1571 1906 Xylan-

106 1913 178 1952 dro
198 1913 246 1951 ad
270 1913 468 1951 Plutarch.
489 1913 512 1950 l.
528 1926 563 1951 c.
580 1918 618 1951 et
640 1913 772 1951 Ionsio
789 1913 838 1951 de
856 1913 1039 1964 scriptor.
1055 1915 1105 1951 H.
1125 1915 1199 1954 Ph.
1214 1916 1288 1953 III.
1310 1930 1350 1967 p.
1365 1922 1402 1956 1.
1419 1930 1458 1968 p.
1478 1922 1572 1957 216.

105 1976 247 2026 placet.
304 1975 361 2012 Io.
385 1974 510 2012 Faber
529 1975 578 2012 ad
605 1974 714 2012 Fulv.
735 1974 867 2012 Ursini
891 1975 1011 2026 Imag.
1039 1975 1183 2015 Illustr.
1201 1990 1240 2027 p.
1262 1982 1326 2016 51.
1348 1979 1385 2016 in
1406 1992 1571 2029 gemma,

107 2037 168 2074 cui
208 2035 484 2073 Leodamantis
516 2048 656 2073 nomen
690 2036 927 2086 insculptum
965 2043 1062 2083 erat,
1101 2044 1246 2087 praeter
1281 2039 1573 2088 Leodamantis,

107 2097 302 2135 AEschinis
317 2097 515 2147 discipuli,
531 2103 649 2147 caput
671 2097 743 2134 sibi
757 2097 890 2135 videre
911 2098 1010 2136 visus
1029 2103 1101 2136 est.
1159 2098 1279 2142 Quod
1297 2113 1413 2150 quam
1430 2114 1571 2141 vanum

107 2165 146 2196 et
165 2158 369 2196 ridiculum
391 2158 454 2204 sit,
473 2171 520 2195 ex
541 2159 657 2196 modo
679 2158 795 2196 dictis
816 2158 1055 2210 intelligitur.
1111 2160 1231 2198 Error
1248 2160 1508 2209 librariorum,
1532 2163 1571 2201 in

108 2219 318 2257 Plutarcho
338 2225 376 2256 et
405 2219 548 2256 Photio
567 2219 782 2270 Λεώδαμας
802 2225 842 2257 et
870 2220 1103 2271 Ἀλκίδαμας
1122 2221 1458 2269 confundentium,
1478 2224 1572 2262 mihi

108 2280 367 2332 suspicionem
385 2279 534 2329 injecit,
551 2293 597 2318 an
615 2280 652 2317 in
674 2280 884 2318 Aristotele
905 2282 1070 2320 Rhetor.
1090 2282 1123 2319 I.
1140 2295 1180 2332 p.
1193 2286 1284 2321 232.
1306 2296 1377 2333 pro
1396 2284 1570 2324 Ἀλκίδα-

105 2358 182 2394 μας
200 2342 241 2379 ἐν
259 2345 307 2394 τῷ
327 2342 574 2393 Meo-aquam}
595 2342 800 2392 legendum
818 2341 868 2379 sit
885 2341 1099 2394 Λεώδαμας
1118 2343 1160 2381 ἐν
1178 2347 1227 2395 τῷ
1245 2344 1512 2398 Μεσσηνιακῷ,
1527 2354 1571 2386 ut

107 2403 192 2441 haec
208 2403 334 2441 oratio
357 2403 486 2440 habita
501 2404 706 2441 sitvcontra
728 2403 943 2442 Callistrati
964 2405 1177 2443 oratIOnem
1198 2407 1237 2444 ἐν
1257 2409 1303 2459 τῇ
1322 2408 1570 2466 Μεσσηνιακῇ

106 2465 296 2516 ἐκκλησίᾳ,
319 2479 436 2516 quam
463 2465 598 2504 laudat
626 2465 856 2505 Aristoteles
883 2467 1002 2505 Rhet.
1023 2467 1099 2505 III.
1121 2481 1159 2518 p.
1180 2472 1271 2508 739.
1330 2471 1570 2511 Dissensisse

105 2526 206 2565 inter
227 2540 267 2565 se
299 2527 371 2565 hos
391 2528 594 2574 Oratores,
617 2527 736 2578 paulo
764 2533 853 2566 ante
875 2528 1057 2567 vidimus.
1115 2529 1192 2568 Sed
1225 2543 1301 2569 non
1328 2540 1485 2583 oportet
1510 2535 1570 2573 ni-

105 2588 178 2626 mis
198 2601 283 2627 esse
303 2588 558 2639 suspicacem.

160 2649 276 2687 XIX.
306 2650 579 2689 LYCOLEON.
610 2651 670 2688 Ex
690 2652 777 2702 ejus
800 2664 871 2702 pro
901 2652 1074 2692 Chabria
1105 2655 1279 2694 oratione
1310 2656 1569 2707 fragmentum

108 2709 228 2748 habet
259 2711 486 2750 Aristoteles
516 2712 676 2750 Rhetor.
697 2713 774 2752 ΙΙΙ.
797 2727 836 2764 p.
856 2718 950 2755 653.
982 2715 1021 2753 iu
1043 2728 1122 2766 quo
1154 2729 1243 2754 cum
1278 2724 1430 2765 statuae,
1452 2731 1569 2769 quam

112 2772 247 2822 Nepos
275 2773 421 2811 Chabr.
452 2779 484 2812 l.
505 2781 544 2812 et
574 2773 736 2813 Diodor.
764 2775 884 2815 Sicul.
907 2777 996 2815 XV.
1021 2791 1060 2828 p.
1081 2781 1161 2823 28„
1190 2778 1373 2818 Chabriae
1402 2780 1569 2830 positam
1620 2804 1624 2808 ·

111 2840 281 2880 narrant,
299 2834 446 2873 mentio
465 2833 547 2881 fiat,
569 2836 713 2875 clarum
733 2843 804 2885 est,
826 2837 926 2877 hanc
943 2839 1155 2880 orationem
1179 2839 1347 2878 habitam
1367 2853 1450 2880 esse
1478 2849 1570 2894 post

110 2895 272 2945 Olymp.
292 2896 338 2933 C.
360 2899 398 2934 4.

165 2958 257 2996 XX.
289 2958 483 3005 (3000-υὸ,
499 2959 757 3008 Atheniensis,
775 2962 954 3001 Isocratis
972 2962 1201 3013 discipulus,
1223 2968 1320 3002 teste
1341 2963 1459 3004 Suida
1476 2965 1513 3004 iu
1532 2979 1569 3004 v.
