1818 3189
223 219 250 248 0
521 199 697 242 PETRI
730 198 852 239 VAN
886 198 1081 240 SPAAN
1116 197 1385 239 DISSERT.

225 305 355 343 nentia
375 318 421 343 ex
438 306 576 356 insigni
594 305 827 343 ineditorum
844 305 1030 343 librorum
1052 311 1242 355 apparatu
1258 303 1541 355 suppeditaret.
1596 305 1678 340 An-

222 366 410 418 tiphontis
436 367 552 415 igitur
581 367 777 405 historiam
809 367 860 405 ita
891 367 1171 413 enarrabimus,
1197 373 1239 405 ut
1268 367 1434 417 primum
1467 365 1679 411 videamus,

225 435 391 478 quantus
412 429 557 466 Orator
589 427 719 476 fuerit,
746 435 826 467 tum
855 429 1008 479 qualem
1029 443 1068 467 se
1096 429 1133 466 in
1153 429 1357 480 republica
1377 427 1679 465 administranda

222 489 449 540 praebuerit,
466 489 636 538 denique
656 490 907 540 quae'ingenii
930 497 1178 528 monumenta
1198 490 1246 528 ad
1269 490 1534 540 posteritatem
1555 494 1678 527 trans-

223 550 383 587 miserit.
413 550 567 593 Quibus
587 551 804 601 explicatis,
821 551 870 589 de
890 552 974 589 aliis
993 553 1107 590 etiam
1130 552 1453 602 Antiphontibus‚
1476 550 1542 601 qui
1562 550 1677 601 vulgo

223 624 310 649 cum
328 612 574 662 Antiphonte
595 613 834 662 Rhamnusio
854 613 1042 651 confundi
1064 614 1203 657 solent,
1224 613 1413 651 dicemus.

276 672 403 710 Natus
427 679 487 711 est
506 674 709 724 Antiphon
732 675 992 713 Rhamnusins
1014 675 1177 712 Athenis
1201 682 1312 726 patre
1335 674 1497 725 Sophilo
1517 674 1676 724 Olymp.

223 734 388 780 LXXV,
410 740 448 773 1.
469 735 527 772 vel
547 739 583 774 2.
604 737 641 773 in
665 730 763 786 quos
790 736 894 786 ipsos
921 750 1041 774 annos
1063 736 1200 774 incidit
1220 736 1378 782 bellum,
1399 736 1505 787 quod
1527 735 1676 772 Xerxes

221 808 363 845 magno
389 796 533 834 damno
553 811 623 834 suo
644 797 773 835 intulit
799 798 981 837 Graeciae.
1039 799 1129 835 Hoc
1156 797 1406 848 Antiphontis
1427 797 1553 835 natale
1579 803 1677 834 tem-

219 871 308 909 puS‚
330 860 504 908 quamvis
524 860 639 910 paulo
658 859 797 910 laxius,
815 860 974 898 tradunt
994 861 1157 898 Photius
1173 860 1359 897 Biblioth.
1373 859 1474 897 Cod.
1496 858 1677 896 CCCIX.

222 926 262 958 et
291 920 697 959 Pseudo-Plutarchus
724 922 762 959 in
784 922 862 959 vita
884 923 935 961 X.
963 922 1207 959 Rhetorum:
1239 934 1403 971 quorum
1431 919 1675 969 sententiam,

219 987 438 1031 temporum
460 983 673 1020 rationibus
690 988 985 1032 congruentem,
1001 982 1113 1032 sequi
1134 995 1209 1020 non
1232 982 1469 1019 dubitamus.
1499 981 1674 1018 Eandem

220 1042 358 1080 merito
380 1051 536 1081 secutus
563 1050 622 1081 est
643 1043 805 1081 eximius
826 1043 1086 1093 Antiquitatis
1110 1043 1251 1081 Atticae
1271 1043 1478 1093 interpres,
1503 1041 1678 1080 Edvard.

222 1103 406 1142 Corsinus
428 1105 532 1143 Fast.
559 1106 644 1144 Att.
665 1105 710 1144 T.
740 1106 815 1143 III.
837 1119 877 1156 p.
905 1109 996 1144 166.
1053 1105 1316 1143 Gravissimus
1337 1118 1446 1142 error
1474 1110 1544 1151 est,
1567 1110 1607 1142 et
1627 1116 1675 1141 ne

220 1165 360 1215 dignus
387 1167 547 1216 quidem
577 1167 828 1212 refutatione,
856 1168 1017 1204 Tzetzae
1043 1166 1205 1204 Scholio
1236 1167 1274 1204 in
1302 1166 1587 1216 Hermogenem
1617 1165 1675 1202 in-

221 1227 340 1275 edito,
362 1229 468 1278 quod
497 1229 596 1266 infra
626 1229 881 1279 proferemus,
912 1229 979 1267 ubi
1011 1228 1305 1279 Antiphontem,
1327 1228 1474 1273 scribit,
1503 1227 1674 1265 Platonis

221 1294 337 1327 aetate
356 1290 508 1335 vixisse,
524 1290 585 1328 vel
606 1297 714 1328 certo
734 1291 795 1328 vix
817 1291 987 1329 Socratis
1005 1297 1159 1329 aetatem
1179 1291 1369 1341 attigisse.
1425 1289 1545 1333 Φῦλος
1565 1288 1675 1326 Anti-

221 1351 378 1400 phontis
406 1358 516 1402 pater
537 1352 681 1390 dicitur
709 1353 811 1402 apud
834 1353 1029 1391 Clenient.
1049 1353 1257 1391 Alexandr.
1289 1354 1433 1390 Strom.
1463 1352 1496 1389 Ι.
1517 1364 1558 1402 p.
1579 1354 1671 1390 365.

226 1412 293 1450 sed
315 1420 419 1451 recte
440 1413 607 1465 Σώφιλον
631 1414 798 1452 restituit
819 1415 877 1451 10.
909 1415 1104 1452 Potterus.
1131 1415 1443 1465 Harpocration:
1472 1415 1673 1465 Ἀντιφῶν,

220 1472 275 1516 εἷς
294 1481 365 1512 τῶν
385 1475 471 1512 δέκα
485 1476 662 1526 ῥητόρων,
675 1475 843 1528 Σωφίλου
857 1476 927 1525 μὲν
942 1476 1036 1521 υἱὸς,
1056 1476 1130 1514 ἀπὸ
1149 1483 1214 1522 τῆς
1228 1479 1346 1528 φυλῆς
1360 1475 1397 1513 δὲ
1410 1475 1674 1525 Ῥαμνούσιος.

221 1535 349 1579 Quem
369 1537 497 1574 locum
518 1537 718 1587 imperitus
739 1538 977 1588 compilator,
998 1537 1255 1583 Phavorinus,
1273 1537 1439 1587 turpiter
1452 1535 1624 1583 foedavit,
1636 1542 1676 1573 et

218 1597 258 1634 in
283 1597 428 1648 grande
459 1611 582 1645 suum,
618 1599 685 1637 sed
712 1613 812 1650 pene
843 1599 993 1646 inutile,
1015 1599 1185 1637 Lexicon
1214 1598 1369 1636 retulit:
1404 1600 1602 1650 Ἀντιφῶν,
1621 1595 1675 1639 εἷς

219 1666 292 1697 τῶν
316 1659 450 1697 δώδεκα
477 1662 654 1711 ῥητόρων,
676 1663 879 1715 φιλοσόφου
904 1661 973 1712 μὲν
1001 1662 1093 1707 υἱὸς,
1125 1661 1202 1698 ἀπὸ
1221 1667 1286 1705 τῆς
1313 1664 1431 1712 φυλῆς
1452 1660 1488 1698 δὲ
1511 1659 1674 1711 Ἀμνοΰ-

221 1739 314 1766 σιος,
343 1724 403 1762 Sic
424 1737 499 1761 non
520 1724 600 1762 sola
620 1725 753 1762 Editio
772 1725 922 1762 Veneta
944 1725 1075 1770 habet,
1099 1730 1141 1762 ut
1155 1725 1315 1775 Taylor.
1337 1724 1387 1762 ad
1408 1725 1500 1776 Lys.
1520 1736 1561 1774 p.
1581 1727 1673 1762 184.

219 1790 344 1833 putat,
366 1785 435 1822 sed
457 1784 572 1822 etiam
597 1785 771 1822 Romana
791 1791 831 1823 et
854 1785 1101 1823 Basileensis.

273 1846 421 1883 Eodem
436 1846 516 1883 fere
534 1852 711 1896 tempore
731 1846 857 1884 lucem
870 1847 966 1885 vidit
986 1847 1155 1898 inclytus
1176 1847 1239 1884 ille
1256 1846 1526 1897 Sophistarum
1541 1846 1673 1894 Pater,

220 1906 389 1957 Gorgias
416 1908 646 1953 Leontinus,
677 1921 794 1958 quem
824 1908 1070 1959 Antiphonte
1101 1915 1236 1946 nostro
1263 1909 1380 1959 paulo
1409 1909 1673 1960 antiquiorem

218 1968 335 2006 fuisse
355 1975 461 2007 recte
483 1969 601 2007 tradst
621 1970 819 2007 Plutarch.
842 1970 868 2008 l.
889 1984 923 2009 c.
945 1973 1079 2019 γέγονε
1100 1971 1135 2009 δὲ
1156 1972 1250 2009 κατὰ
1271 1974 1316 2008 τὰ
1333 1971 1513 2022 Περσικὰ,
1531 1973 1589 2009 καὶ
1608 1971 1672 2011 τὸν

219 2029 385 2079 Γοργίαν
401 2033 591 2082 σοφιστὴν,
612 2032 727 2083 ὀλίγῳ
743 2034 910 2082 νεώτερος
930 2034 1056 2070 αὐτοῦ.
1076 2032 1139 2070 cui
1159 2033 1355 2071 consentit
1376 2032 1517 2070 Suidas
1528 2046 1563 2071 v.
1582 2032 1674 2073 Ἀν-

219 2098 346 2143 τιφῶν.
366 2090 449 2142 ἦρξε
473 2097 535 2130 τοῦ
555 2091 736 2130 δικανικοῦ
756 2100 990 2144 χαρακτῆρος
1009 2096 1103 2145 μετὰ
1123 2093 1297 2146 Γοργίαν.
1355 2094 1431 2131 Sed
1451 2094 1527 2132 alia
1546 2095 1675 2134 omnia

219 2154 467 2203 reperiuntur
493 2154 598 2205 apud
628 2154 838 2193 Photium:
869 2156 987 2207 ὀλίγῳ
1016 2157 1190 2207 πρότερον
1221 2155 1383 2207 Γοργίου
1410 2160 1473 2194 τοῦ
1497 2162 1674 2209 σοφιστοῦ

219 2220 399 2262 γεγονώς.
456 2215 674 2266 Utrumque
702 2216 831 2255 locum
858 2216 1063 2255 conferens
1089 2218 1243 2256 Fabi-ic.
1268 2218 1371 2256 Bibl.
1394 2219 1529 2256 Graec.
1549 2218 1595 2257 L.
1617 2219 1672 2257 II.

220 2289 256 2313 c.
293 2280 357 2313 26.
377 2312 380 2315 ,
399 2277 776 2316 Pseudo-Plutarchi
816 2279 1046 2317 sententiam
1084 2280 1242 2330 probat,
1282 2279 1431 2329 rejecta
1469 2280 1674 2320 Photiana.

219 2336 364 2375 Verum
381 2338 534 2376 hicnon
555 2338 687 2376 Photii
703 2353 811 2378 error
830 2347 902 2387 est,
924 2340 990 2378 sed
1010 2340 1173 2378 librarii.
1230 2341 1331 2379 Nam
1354 2341 1515 2379 Photius
1531 2347 1570 2380 et
1588 2341 1672 2392 ipse

221 2399 303 2437 sine
321 2399 444 2437 dubio
471 2399 704 2449 scripserat:
734 2402 852 2453 ὀλίγῳ
874 2406 1044 2452 νεώτερος
1070 2401 1232 2451 Γοργίου
1257 2410 1334 2440 etc.
1390 2402 1558 2452 Vulgata
1587 2403 1673 2453 ejus

222 2460 339 2498 lectio
358 2474 404 2498 ex
427 2460 524 2498 bene
552 2468 779 2511 computata
800 2469 1018 2513 temporum
1039 2463 1188 2501 ratione
1214 2464 1306 2501 satis
1328 2462 1527 2502 refellitur.
1585 2465 1672 2503 Flo-

221 2524 302 2561 ruit
317 2522 486 2572 Gorgias
505 2522 660 2560 circiter
677 2524 835 2573 Olymp.
854 2525 978 2562 LXX.
999 2531 1039 2562 ut
1060 2531 1224 2563 testatur
1242 2525 1405 2563 idoneus
1424 2532 1574 2573 auctor,
1594 2527 1674 2565 Pli-

221 2585 308 2623 nius
329 2584 431 2622 Hist.
453 2583 545 2621 Nat.
564 2583 763 2622 XXXIII.
786 2590 824 2623 4.
846 2599 959 2636 quem
981 2586 1092 2637 sequi
1114 2588 1257 2632 malim,
1277 2600 1392 2636 quani
1414 2587 1673 2639 Porphyrium

219 2646 326 2698 apud
349 2644 509 2684 Suidam
527 2659 560 2684 v.
581 2648 759 2694 Γοργίας,
776 2648 964 2697 Gorgiam
984 2648 1033 2686 ad
1055 2648 1215 2699 Olymp.
1237 2648 1404 2686 LXXX.
1426 2648 1671 2690 referentem.

220 2708 427 2759 Porphyrii
455 2711 683 2747 sententiam
709 2708 850 2746 Snidas
874 2710 990 2747 etiam
1027 2710 1218 2759 repudiat.
1277 2711 1412 2748 Recte.
1470 2711 1569 2748 Nam
1598 2712 1671 2751 Pe-

220 2769 323 2807 riclis
357 2776 577 2820 praeceptor
615 2770 687 2808 fuit
725 2770 906 2820 GorgiaS,
946 2771 1084 2808 eodem
1124 2771 1245 2808 Suida
1279 2777 1462 2815 auctore;
1495 2774 1671 2822 quamvis

221 2831 353 2875 sciam,
382 2831 660 2870 Philostratum
687 2831 735 2869 de
757 2831 837 2869 Vit.
870 2832 993 2882 Soph.
1017 2832 1047 2869 1.
1068 2845 1107 2882 p.
1129 2836 1221 2871 493.
1244 2832 1411 2883 tradere,
1441 2834 1628 2885 Gorgiam
1649 2849 1671 2874 a

222 2891 383 2938 Pericle,
405 2905 480 2931 non
495 2893 654 2943 juvene,
675 2891 742 2931 sed
765 2905 868 2937 seue,
889 2893 1064 2930 auditum
1088 2906 1184 2931 esse.
1240 2894 1326 2932 Jam
1347 2894 1545 2945 quomodo
1564 2896 1669 2934 Peri-

219 2952 311 2998 cles,
333 2966 446 3002 quem
469 2955 551 3004 jam
579 2954 737 3005 Olymp.
772 2954 962 3001 LXXXI,
985 2959 1022 2992 2.
1055 2955 1240 2994 exercitui
1267 2955 1483 3006 praefuisse,
1509 2969 1554 2995 ex
1576 2957 1671 2997 Dio—
