1878 3272
494 190 1035 236 TETPAAOFIA
1091 191 1149 231 A.

97 330 243 360 ventrem
268 307 314 373 ἦν
350 305 477 366 εἷκος.
517 305 854 406 οἷπιστιίυμενων
887 303 931 358 δε
964 330 1043 357 και
1080 329 1165 357 των
1197 299 1351 355 ἀλλων
1387 298 1545 353 δουλων
1561 315 1640 351 633

97 406 139 434 εν
165 392 266 441 ταῖς
289 379 634 472 μαρτυριόιις-
651 404 695 432 ου
717 404 810 454 ’γαρ

97 480 194 515 πως
227 454 392 508 ὃικαιον
426 478 566 522 ‘tou-tq)
570 477 891 545 μαξτυξουντι
929 477 1268 512 πιστευσαντοις
1302 448 1553 519 ὃιαφθειραι
1562 466 1642 504 634

97 550 187 600 με·
174 571 188 590 ,
229 529 266 582 εἶ
291 528 338 582 δέ
361 553 429 588 τις
455 527 519 581 τοὶ
544 527 699 580 εἷκότα
731 525 938 591 οἷληθεσιν

1474 182 1542 236 47

832 379 915 431 Ῑοῖν
941 377 1273 451 ἓβοισανιζομεν
1294 374 1457 435 αὐτους
1473 408 1545 414 -«

974 524 1114 580 ἴσοι
1088 537 1268 594 η’γεῖται
1303 550 1550 618 καταμαρ-

99 603 293 673 τυρῆσοιῖ
325 627 428 674 μου,
456 601 620 656 ταῦτόν
646 599 1088 670 οἷντιλογισάσθω,“
1066 627 1134 654 οτι
1163 625 1220 671 με
1260 600 1470 675 εἷκότεξον
1503 603 1552 662 ἡν

30 696 81 731 15
100 702 178 741 την
217 678 472 743 ἀσφάλειαν
512 677 586 740 τῆς
627 677 863 740 επιζουλῖἧς
895 701 1109 775 τηρουντα
1143 673 1433 741 φυλάξασθαι
1476 700 1554 727 και

96 751 161 823 μὴ
186 753 530 829 παραγενέσθαι
558 754 622 821 τῷ
663 751 774 822 ἔργῳ
807 755 985 824 μᾶλλον
1009 752 1038 815 ἠ
1070 775 1224 805 τουτον
1249 750 1558 821 σφαττόμενον

739 864 746 882 ¹
766 862 865 892 Deest
881 861 923 892 ἄν.

97 936 292 971 subornatus,
318 935 491 972 institutus,
519 945 696 976 persuasus.
743 936 807 966 Ge-

100 989 201 1009 SNER.
223 979 313 1008 Conf.
322 979 477 1018 Harpocr.
493 979 530 1008 ad
546 979 575 1008 h.
590 979 612 1008 l.
627 989 809 1018 provocans.

98 1021 151 1051 Sic
163 1027 193 1051 et
207 1022 338 1052 Thomas
360 1022 446 1061 Mag.
460 1019 572 1061 εὔξηται
594 1021 662 1062 παρ’
677 1020 809 1064 Ἡροδότῳ

97 1065 291 1103 ἀναγινώσκω,
302 1077 334 1094 το
348 1063 506 1096 ἀναπείθων.
528 1065 701 1095 ΗΑυΡΤΜ.

141 1106 422 1148 Ἀναγινωσκόμενον]
446 1108 534 1137 Idem
552 1112 598 1137 est
624 1107 654 1137 h.
670 1108 692 1137 Ι.
718 1112 809 1146 atque

97 1150 332 1190 ἀναπειθόμενον,
366 1160 557 1190 persuasum,
602 1150 810 1186 sollicitatum,

96 1193 264 1230 inductum,
280 1194 318 1222 ad
336 1193 527 1232 prodendum
543 1193 588 1229 id,
612 1194 694 1232 quod
715 1193 809 1232 hujus

96 1236 140 1267 rei
155 1240 270 1266 nosset.
293 1237 414 1267 Rmsx.

138 1281 200 1309 Τῶν
223 1279 317 1309 ἄλλων
345 1278 458 1320 δούλων]
483 1278 613 1319 Accipio
641 1289 698 1318 pro
725 1279 809 1309 dicto

97 1321 154 1358 sic,
167 1323 259 1361 paulo
273 1323 395 1362 planius
408 1327 440 1352 et
450 1322 629 1359 dilucidius,
642 1324 696 1352 τῶν
711 1321 810 1357 ἄλλοις

95 1363 177 1395 ὄντων
189 1365 298 1402 δούλων,
308 1365 541 1405 mancipiorum,
554 1367 674 1405 quinon
692 1370 762 1395 sunt
778 1366 810 1395 in

96 1413 198 1439 nostra
214 1412 378 1448 potestate,
394 1409 447 1438 sed
464 1408 496 1438 in
508 1409 616 1439 aliena.
648 1409 704 1439 Vis
720 1418 811 1448 argu-

95 1452 188 1481 menti
204 1451 237 1482 in
261 1452 320 1481 hoc
338 1456 488 1482 versatur.
532 1453 658 1488 Servus,
682 1463 699 1482 e
720 1453 808 1490 cujus

95 1494 211 1529 verbis,
232 1495 322 1534 plane
338 1505 396 1524 non
419 1495 606 1534 perspicuis,
623 1495 676 1525 sed
702 1495 808 1534 potins

94 1538 251 1576 aenigmati
277 1536 441 1574 similibus,
472 1539 600 1569 conflata
638 1537 712 1568 mihi
750 1538 809 1568 fuit

96 1581 232 1619 suspicio
243 1580 352 1620 patrati
369 1581 506 1617 sceleris,
521 1591 630 1611 servus
652 1581 709 1610 suit
727 1581 807 1610 occi-

95 1622 135 1658 si,
156 1633 217 1653 non
235 1633 354 1659 eorum,
369 1623 421 1662 qui
444 1624 545 1662 ipsum
567 1623 806 1663 interrogarunt.

94 1666 179 1705 Ergo
213 1667 326 1696 nullius
361 1666 508 1705 ponderis
533 1672 581 1696 est
606 1668 673 1706 ejus
696 1666 805 1696 oratio.

95 1709 210 1739 Servus
224 1709 304 1740 enim
320 1708 345 1739 si
360 1709 427 1748 quis
440 1709 531 1740 alicui
548 1710 663 1749 aliquid
681 1709 807 1739 affirmet

93 1762 151 1791 pro
163 1752 255 1788 facto,
271 1753 358 1790 cujus
374 1752 404 1782 in
420 1757 568 1792 potestate
582 1763 640 1782 non
656 1753 708 1788 sit,
722 1752 806 1782 illius

95 1794 178 1825 servi
207 1795 380 1825 testimonio
409 1796 483 1825 tides
507 1800 592 1826 certa
618 1795 723 1825 haberi
746 1805 804 1824 non

846 934 928 965 nime
951 936 1019 973 ejus
1043 933 1179 964 oratione
1195 934 1249 964 fidi
1272 938 1385 972 potest.
1408 935 1558 973 Injustum

847 987 921 1017 ergo
939 977 978 1007 sit
993 988 1042 1007 me
1061 978 1099 1007 ob
1122 977 1212 1007 alieni
1235 977 1316 1007 servi
1337 977 1558 1017 professionem

845 1021 967 1060 perimi.
989 1021 1095 1051 IDEM.

890 1062 1057 1104 Ἀληθὲσ-ιν]
1082 1064 1189 1093 Malim
1206 1064 1266 1097 τοῖς
1276 1061 1415 1093 ἀληθέσιν
1428 1073 1495 1093 cum
1511 1072 1559 1092 ar-

846 1106 954 1142 ticulo,
972 1108 1011 1136 ob
1026 1107 1216 1146 praemissum
1228 1109 1268 1137 τὲι
1279 1105 1387 1136 εἰκότα..
1411 1106 1516 1136 IDEM.

889 1148 999 1179 Ταύτόν
1018 1149 1272 1189 ἀντιλογισάσὲω]
1295 1149 1443 1179 Similiter
1467 1149 1558 1179 etiam

846 1202 885 1222 ex
902 1193 1032 1222 adversa
1050 1198 1135 1232 parte
1147 1192 1280 1222 rationes
1294 1192 1456 1222 subducat.
1480 1192 1558 1229 Quae

847 1240 1016 1274 sequuntur
1038 1236 1216 1266 obscuriora
1233 1239 1315 1269 sunt,
1335 1235 1389 1265 sed
1406 1235 1557 1274 ejusmodi

846 1278 1025 1318 paraphrasi
1052 1278 1247 1318 explicanda.
1293 1278 1418 1308 Dictum
1445 1282 1494 1308 est
1520 1279 1559 1308 ab

846 1321 1024 1352 adversario
1040 1322 1229 1361 probabilius
1242 1331 1310 1350 esse
1322 1331 1370 1350 me
1380 1320 1557 1351 interfuisse

845 1363 936 1401 caedi,
961 1375 1048 1404 quam
1077 1366 1114 1394 ab
1140 1375 1176 1394 ea
1199 1364 1345 1400 abfuisse,
1361 1369 1393 1394 ut
1409 1375 1446 1393 eo
1462 1365 1559 1403 major

845 1407 916 1438 inde
932 1408 1019 1438 fieret
1034 1407 1110 1438 fides
1135 1407 1313 1437 testimonio
1335 1407 1429 1443 servi,
1443 1407 1494 1446 qui
1510 1417 1558 1436 me

844 1451 1015 1481 nominarit.
1060 1452 1128 1491 Ego
1145 1461 1218 1480 vero
1244 1451 1269 1480 si
1285 1450 1400 1480 caedem
1428 1450 1473 1480 illi
1497 1460 1560 1480 ma-

845 1493 984 1524 chinatus
999 1504 1109 1528 essem,
1125 1494 1205 1533 qnod
1223 1499 1321 1523 tamen
1335 1503 1353 1523 a
1373 1493 1559 1533 cogitatione

843 1546 910 1567 mea
926 1538 1031 1577 procul
1051 1537 1157 1572 abfuit,
1172 1537 1276 1576 potius
1297 1536 1495 1566 insidiaturus
1518 1547 1559 1566 ex

843 1584 909 1609 tuto
930 1580 1068 1615 fuissem,
1090 1590 1125 1609 ac
1151 1580 1227 1610 mihi
1243 1590 1353 1610 cavere
1368 1579 1559 1616 maluissem,

841 1632 897 1652 nec
914 1623 1066 1653 interesse
1082 1622 1179 1662 operi,
1200 1633 1288 1661 quam
1309 1627 1393 1652 tanto
1410 1633 1478 1652 cum
1502 1633 1558 1662 pe-

841 1665 940 1696 riculo
955 1672 1041 1695 certo
1057 1666 1134 1696 scire
1150 1665 1235 1695 illum
1252 1665 1457 1702 interemtum,
1472 1669 1507 1695 ut
1522 1676 1559 1695 ea

841 1718 934 1738 causa
957 1720 1004 1739 me
1029 1714 1142 1739 tantum
1167 1708 1197 1738 iu
1225 1709 1397 1748 periculum
1423 1709 1555 1748 conjice-

840 1761 916 1781 rem.
930 1753 1079 1782 GESNER.
1105 1752 1255 1791 Equidem
1268 1751 1483 1781 obscuritatem
1495 1762 1553 1781 non

841 1794 955 1831 sentio,
972 1800 1096 1824 vertens
1112 1805 1119 1824 :
1143 1805 1245 1834 meque
1263 1797 1359 1833 potius
1385 1806 1444 1824 non
1463 1797 1554 1824 inter-

94 1842 210 1877 potest.
257 1838 374 1868 Servus
399 1839 480 1868 enim
508 1838 560 1868 ubi
587 1844 671 1869 metu
693 1849 804 1877 poenae,
829 1836 938 1878 fuisse,
962 1849 1049 1878 quum
1064 1839 1125 1877 ejus
1145 1838 1251 1867 caedem
1269 1847 1365 1868 coram
1382 1839 1550 1879 cognovisse.

95 1881 121 1910 si
137 1880 312 1918 mentiatur,
326 1886 427 1917 vacat,
443 1880 564 1912 etiamsi
590 1892 695 1912 verum
712 1882 806 1917 dicat,

95 1923 185 1954 fidem
206 1928 305 1954 tamen
322 1930 494 1963 suspectam
512 1925 614 1961 habet,
637 1925 709 1964 quia
725 1925 804 1955 servi

94 1966 153 1996 hoc
175 1971 244 1996 sunt
267 1968 400 2006 ingenio,
430 1972 463 1998 nt
492 1968 581 1997 facile
611 1967 805 2004 mentiantur,

93 2009 148 2039 ubi
162 2020 261 2049 poenae
277 2015 376 2040 metus
391 2021 444 2040 eos
467 2022 485 2041 a
505 2011 679 2041 mentiendo
702 2010 805 2041 nullus

94 2053 272 2084 absterreat.
316 2054 410 2092 Atqui
435 2054 473 2083 ab
495 2064 544 2091 eo,
563 2055 651 2092 cujus
666 2054 696 2083 in
717 2058 805 2093 pote-

96 2101 175 2125 state
190 2106 298 2126 servus
314 2107 372 2126 non
385 2101 444 2132 est,
456 2097 531 2126 nibil
543 2097 634 2127 habet
648 2098 729 2136 quod
742 2108 804 2127 me-

95 2143 171 2169 tuat.
226 2139 316 2169 Solus
343 2139 422 2169 enim
452 2139 605 2176 domiuus,
633 2145 664 2170 et
691 2144 805 2179 praeter

96 2191 165 2210 eum
188 2191 276 2211 nemo
304 2182 394 2218 alius,
418 2193 508 2212 servo
533 2187 683 2212 tormenta
703 2189 805 2222 potest

96 2224 270 2254 admovere.
294 2225 409 2254 Verum
438 2235 494 2255 cnr
516 2230 576 2255 tam
592 2226 754 2265 quaesitum
774 2231 804 2256 et

96 2267 224 2297 dilutum
245 2267 334 2297 affert
345 2267 482 2306 sophista
496 2273 718 2307 argumentum,
735 2279 803 2298 cum

96 2310 248 2349 potuisset
275 2311 333 2340 hoc
360 2310 468 2341 fortius
492 2317 582 2350 atque
604 2312 804 2350 sti-ingentius

94 2363 216 2391 urgere,
230 2353 393 2383 homicidae
403 2364 511 2384 nomen
524 2365 541 2384 a
553 2355 700 2385 moriente
714 2365 803 2386 servo

94 2397 211 2427 nullum
227 2397 355 2433 editum,
375 2398 429 2427 sed
455 2397 663 2427 adumbratum
690 2397 803 2428 solum-

95 2440 187 2469 modo
214 2440 350 2479 captiosa
375 2444 406 2470 et
433 2440 581 2479 perplexa
605 2441 804 2481 responsione

95 2481 210 2513 fuisse?
255 2483 326 2512 Non
353 2483 427 2513 satis
455 2484 531 2513 bene
558 2484 726 2523 respondet
751 2484 803 2514 hic

97 2525 182 2557 locus
209 2526 400 2555 refutationis
429 2526 581 2566 superiori
605 2526 650 2556 illi
680 2537 804 2557 accusa-

96 2567 188 2617 tionis
203 2568 283 2604 1000,
297 2568 348 2598 oui
362 2569 427 2598 xult
441 2580 615 2600 occurrere.
640 2571 745 2600 lum.

139 2611 179 2641 Οὐ
194 2612 247 2651 γᾶς
263 2610 482 2654 ἐβασανίζομεν]
510 2612 674 2643 Subandi
662 2624 705 2649 αν,
721 2613 804 2652 quod

96 2653 141 2682 illi
168 2655 354 2684 vetustiores
383 2661 484 2686 amant
506 2656 658 2686 omittere.
716 2656 805 2686 Servi

96 2696 175 2726 eriim
201 2695 225 2725 si
248 2707 352 2727 verum
378 2708 500 2738 semper
523 2699 728 2738 loquerentur,
745 2710 804 2729 non

96 2743 320 2778 torquerentur.
363 2740 458 2780 Atqui
485 2746 674 2781 torquentur.
720 2743 804 2781 Ergo

98 2791 200 2811 verum
218 2791 277 2810 non
293 2792 414 2822 semper
426 2784 599 2824 loquuntur.
623 2787 727 2816 IDEM.

108 2852 112 2856 ,
140 2823 252 2864 Τούτῳ]
284 2825 344 2863 Qui
365 2826 422 2855 fuit
443 2837 501 2857 non
525 2838 623 2864 meus,
649 2829 701 2857 sed
728 2828 806 2858 alius

96 2867 223 2903 domini,
240 2877 356 2898 servus.
380 2869 506 2909 Colligit
520 2872 574 2901 sic.
590 2871 657 2901 Fidi
673 2882 733 2901 non
750 2882 805 2911 po-

97 2913 160 2939 test
187 2910 285 2940 servis
312 2911 468 2950 propriis;
491 2918 602 2952 quanto
628 2914 729 2944 minus
750 2925 806 2954 po-

98 2956 159 2982 test
173 2952 279 2983 alienis
295 2952 358 2983 fidi.
402 2954 461 2984 Sed
477 2954 526 2984 hio
541 2966 648 2987 servus
663 2967 721 2986 non
745 2958 804 2987 mei

95 2994 171 3032 Juris
199 2996 266 3031 fuit,
285 2996 339 3026 sed
355 2996 455 3028 alieni.
500 2998 585 3038 Ergo
601 3000 733 3032 omnium
750 3000 806 3031 mi-

840 1881 893 1920 qui
921 1885 1111 1920 cognoscuut
1134 1882 1287 1916 absentes,
1313 1880 1438 1919 oblique
1466 1882 1552 1920 quasi

839 1929 1035 1963 cognoscunt.
1061 1924 1146 1953 Cont'.
1165 1925 1220 1953 Or.
1244 1924 1308 1954 XI.
1323 1924 1349 1964 ᾗ.
1365 1926 1415 1953 10.
1445 1925 1550 1955 Benzii

839 1967 930 1996 Thes.
946 1978 978 2006 p.
996 1969 1070 1998 465.
1083 1978 1129 2006 sq.
1145 1967 1314 1997 HAUPTM.

882 2009 1003 2051 Ταῦτόν]
1027 2011 1133 2040 Malim
1163 2009 1248 2039 τοῦτο’
1272 2008 1301 2047 γ’
1316 2014 1367 2039 aut
1392 2010 1489 2040 ταῦτά
1510 2008 1549 2048 γ’.

840 2053 962 2084 ΒΕιεΚ.

882 2098 936 2126 Τῆν
964 2096 1125 2136 ἀσφάλειαν
1148 2097 1198 2129 7352
1221 2094 1374 2130 ἐπιβουλῆς
1398 2096 1549 2136 τηξοῧντα]

839 2139 950 2169 Servat
968 2139 1022 2169 ille
1037 2139 1251 2170 certitudinem
1270 2145 1299 2168 et
1316 2139 1487 2169 cautionem
1504 2139 1551 2168 in-

839 2182 1031 2219 insidiarum‚
1059 2183 1090 2211 h.
1114 2193 1140 2211 e.
1166 2182 1348 2211 tutissimam
1374 2187 1405 2211 et
1420 2182 1551 2212 circum-

839 2225 1063 2264 spectissimam
1074 2225 1221 2254 rationem
1234 2235 1269 2254 ex
1282 2225 1403 2255 insidiis
1416 2225 1551 2264 aliquem

839 2268 1044 2304 interimendi,
1060 2268 1113 2307 qui
1131 2268 1169 2296 ab
1196 2268 1372 2307 agressione
1389 2273 1420 2298 et
1434 2268 1550 2298 insultu

838 2311 869 2340 in
892 2321 961 2341 eum
978 2312 1076 2346 abest,
1091 2311 1160 2350 quia
1182 2310 1274 2341 facile
1294 2311 1359 2340 fieri
1381 2316 1495 2350 potest,
1518 2318 1551 2342 ut

840 2355 876 2383 ab
893 2354 962 2384 aliis
983 2353 1156 2383 hominibus
1180 2364 1330 2384 concursu
1354 2355 1435 2384 sacto
1460 2355 1552 2384 inter-

840 2397 1031 2427 venientibus
1064 2397 1225 2427 homicidae
1255 2398 1324 2436 ipso
1355 2397 1385 2426 in
1414 2398 1550 2428 facinore

839 2441 1108 2479 deprehendantur
1132 2445 1222 2481 atque
1247 2441 1549 2479 comprehendantur.

838 2484 943 2514 on-zm.

882 2525 1091 2567 Φυλάξαισὲαι]
1118 2527 1166 2556 Ne
1177 2526 1295 2556 scilicet
1311 2527 1490 2557 interessem
1506 2527 1551 2555 fa-

839 2569 949 2606 cinori,
964 2570 1084 2608 meique
1100 2569 1220 2608 copiam
1234 2570 1279 2599 sic
1295 2570 1438 2599 facerem.
1483 2570 1552 2598 Sta-

838 2613 894 2642 tim
912 2613 981 2652 ipse
1003 2612 1139 2642 declarat
1160 2617 1190 2642 et
1206 2612 1425 2652 interpretatur
1441 2612 1550 2646 veluti,

839 2656 992 2690 addendo,
1006 2655 1055 2685 καὶ
1069 2658 1112 2695 μὴ
1127 2654 1350 2695 παραγενέσθαι.
1370 2657 1476 2686 lom.

881 2696 1115 2739 Παραγενέσὲαι]
1133 2699 1296 2728 Confirmat
1318 2699 1374 2728 hoc
1397 2696 1551 2736 suspicio-

839 2751 907 2771 nem
925 2752 942 2772 a
960 2741 1048 2771 nobis
1064 2742 1101 2770 ad
1118 2751 1148 2780 p.
1173 2744 1244 2772 116.
1272 2743 1303 2771 7.
1323 2740 1486 2780 proditam,
1505 2740 1550 2770 ibi

840 2785 901 2823 leg.
918 2795 986 2814 esse
1002 2787 1057 2814 τῶν
1072 2783 1214 2823 παρόντων
1228 2783 1307 2814 εῖναι.
1323 2783 1518 2819 homicidam,
1533 2793 1551 2813 a

840 2837 901 2866 quo
918 2828 984 2857 lnaec
1008 2828 1109 2857 caedes
1134 2831 1251 2865 patrata
1271 2832 1363 2861 esset,
1387 2836 1478 2855 unum
1494 2826 1550 2856 ali-

841 2881 931 2910 quem
947 2871 985 2900 de
995 2880 1107 2900 corona
1119 2870 1334 2899 circumstante
1348 2879 1429 2898 esse.
1444 2869 1550 2899 IDEM.

880 2912 916 2943 *H
948 2914 1047 2943 τοῦτον
1079 2911 1281 2951 σφαττόμενον
1315 2911 1403 2952 ὅςθῶς
1438 2912 1552 2952 γνῶναι]

841 2957 928 2986 Idem
950 2961 998 2986 est
1020 2966 1055 2985 ac
1079 2955 1105 2984 si
1129 2955 1277 2984 dixisset:
1303 2954 1317 2986 ἢ
1339 2954 1550 2995 παραγενέσθαι

840 2999 889 3029 καὶ
905 2997 992 3034 οὕτως
1005 2997 1085 3039 ὄρθῶς
1096 2998 1142 3038 [id
1153 3002 1210 3035 est,
1221 2997 1352 3039 ἀκριβῶς,
1369 2998 1416 3029 καὶ
1431 2997 1553 3033 βεβαίως
