1818 3189
288 144 372 186 306
575 144 610 183 1.
644 140 771 183 orT.
804 139 1079 182 SLUITERI
1113 108 1448 181 PRAEFATIO.

285 250 437 296 mirum,
457 250 487 287 si
515 247 705 299 posterior
724 252 839 286 aetate
869 247 1069 286 AEschines
1092 246 1312 286 vetustioris
1340 244 1556 284 Andocidis
1576 245 1663 283 loco
1683 246 1730 284 sit

285 325 401 357 usus3
434 324 559 361 neque
575 323 621 348 ea
640 310 731 348 satis
750 309 889 347 idonea
907 323 1025 347 causa
1045 316 1115 355 est,
1136 323 1205 348 cur
1228 308 1494 346 Andocideam
1512 319 1532 344 a
1547 306 1732 358 Sophista

284 373 544 423 conscriptam
564 372 802 420 judicemus.
859 371 977 416 Quod
999 371 1029 408 si
1049 372 1086 409 in
1113 371 1305 409 historicis
1326 377 1426 408 erret
1447 370 1605 413 Orator,
1626 367 1729 406 haud

284 436 404 486 magis
424 435 462 472 id
488 448 535 472 eo
561 433 675 478 valet,
698 441 740 472 ut
760 433 956 471 Andocidi
980 434 1118 472 Oratio
1138 434 1397 483 abjudicetur,
1420 431 1487 482 qui
1506 431 1597 469 alibi
1615 431 1730 468 etiam

284 497 468 535 historica
489 494 709 534 confundit.
764 495 881 539 Quod
904 508 993 533 vero
1013 495 1148 533 eadem
1168 496 1370 533 AEschines
1391 493 1561 539 brevius,
1581 492 1732 543 longius

284 557 509 596 Andocides
524 557 633 603 dicit,
652 557 690 595 id
710 557 873 595 maxime
890 563 1024 595 contra
1039 558 1247 607 Taylorum
1265 557 1393 595 facere
1413 555 1582 599 videtum
1615 553 1734 603 magis

283 621 384 659 enim
404 620 450 670 is,
466 618 745 669 quiexscribit,
768 619 997 656 contrahere
1019 619 1192 669 priorum
1213 618 1334 663 dicta,
1355 630 1469 668 quam
1487 617 1575 654 stilo
1594 627 1734 666 augere

283 683 394 721 solet.
451 681 588 731 Igitur,
610 681 641 719 si
669 680 870 718 AEschines
893 679 1037 717 lacinia
1062 679 1294 717 Andocidea
1316 691 1393 716 non
1412 677 1582 728 potuisse
1602 677 1659 714 uti
1679 676 1735 714 vi-

282 745 434 790 deatur,
454 743 574 794 magis
603 743 640 780 in
672 743 777 780 illam
805 741 1077 792 propendebat
1104 740 1336 778 sententiam
1356 738 1672 785 Valckenarius,
1693 743 1735 776 ut

283 819 365 845 eam
399 805 616 843 AEschineae
648 803 827 842 Orationi
856 803 906 841 ab
936 803 1011 840 alio
1040 808 1208 840 assutam
1236 802 1502 839 arbitraretur.
1559 801 1676 844 Quod
1704 800 1735 838 si

281 867 504 906 Andocides
526 867 708 904 historica
728 865 964 910 confuderit,
987 864 1090 902 haud
1110 863 1307 901 insolitum
1335 863 1428 900 illud
1452 863 1568 900 fuisse
1590 863 1734 901 Orato-

281 930 387 968 ribus
407 928 551 967 Atticis
567 927 919 971 animadvertebam
942 940 1029 964 cum
1049 931 1087 963 et
1105 925 1288 964 Caecilius
1308 938 1330 963 a
1351 924 1469 963 Suida
1488 938 1527 963 v.
1541 928 1735 968 Καικίλιος

281 991 482 1041 scripsisse
510 990 662 1027 dicatur
681 991 762 1039 περὶ
787 995 860 1026 τῶν
881 990 959 1026 καθ’
988 988 1159 1039 ἱστορίαν
1178 988 1200 1032 ἢ
1224 989 1312 1038 παρ’
1343 987 1506 1038 ἱστορίαν
1536 988 1737 1037 εἰρημένων

281 1059 360 1096 τοῖς
376 1054 542 1104 ῥήτορσι.
572 1051 801 1102 Praecipuus
821 1056 948 1088 autem
971 1051 1154 1088 Oratoris
1170 1062 1276 1087 error
1297 1054 1370 1094 est,
1387 1048 1492 1099 quod
1515 1048 1733 1086 Miltiadem

280 1114 494 1153 laudaverit
522 1113 628 1164 pacis
659 1126 747 1151 cum
781 1112 1061 1150 Lacedaemone
1092 1117 1302 1156 auctorem,
1334 1111 1401 1160 qui
1434 1124 1509 1148 non
1538 1110 1736 1148 Miltiades

281 1175 369 1222 fuit,
392 1175 459 1214 sed
482 1175 635 1225 Cimon,
656 1175 711 1213 uti
732 1181 875 1224 praeter
891 1174 986 1211 alios
1007 1187 1054 1211 ex
1075 1173 1193 1212 Corn.
1216 1174 1372 1223 Nepote
1393 1173 1431 1210 in
1451 1173 1541 1210 Vita
1560 1173 1735 1212 Cimonis

280 1250 316 1275 c.
344 1240 381 1275 3.
409 1242 583 1287 apparet.
641 1235 834 1283 Denique,
857 1235 913 1273 uti
938 1235 974 1272 in
995 1235 1183 1272 concione
1210 1234 1344 1285 populi
1371 1234 1420 1272 ab
1448 1233 1651 1272 Andocide
1673 1235 1738 1273 ha-

281 1298 403 1337 bitam
428 1298 606 1348 putabat,
635 1296 691 1335 sic
721 1309 858 1347 pacem
888 1295 1052 1346 intelligi
1083 1296 1369 1345 suspicabatur,
1392 1307 1478 1345 quae
1509 1295 1632 1344 prima
1661 1294 1738 1333 fuit

282 1366 374 1411 post
391 1372 519 1397 muros
540 1358 732 1407 dejectos,
752 1357 802 1395 de
821 1370 898 1408 qua
918 1357 1020 1394 conf.
1040 1355 1261 1406 Xenophon
1281 1356 1435 1394 Hellen.
1466 1356 1489 1394 l.
1509 1356 1559 1395 V.
1583 1368 1622 1406 p.
1645 1359 1736 1395 321.

282 1433 366 1471 seq.
392 1420 487 1458 edit.
507 1420 643 1470 steph.
701 1418 909 1468 Pleraque,
941 1431 1030 1468 quae
1060 1424 1289 1467 sequuntur,
1314 1416 1496 1455 historica
1521 1423 1628 1456 recte
1653 1431 1737 1456 sese

282 1483 427 1520 habere
449 1481 658 1532 judicabat
680 1480 996 1528 Valckenaerius‚
1017 1494 1064 1519 ex
1083 1480 1316 1532 Thucydide
1343 1487 1383 1519 et
1406 1480 1582 1519 Diodoro
1603 1482 1737 1520 Siculo

280 1546 500 1598 probanda.
556 1545 692 1584 Hocce
726 1544 797 1583 viri
828 1544 966 1583 summi
990 1543 1200 1593 judicium,
1237 1544 1476 1594 quicumque
1508 1545 1737 1583 Orationem

283 1608 489 1659 diligenter
506 1607 655 1658 legerit,
677 1606 931 1657 probaturum
948 1605 1130 1644 arbitror:
1153 1606 1336 1658 equidem
1354 1619 1394 1644 re
1414 1606 1513 1643 bene
1531 1618 1735 1657 perpensa,

285 1683 405 1722 quum
422 1675 537 1708 antea
556 1675 697 1708 contra
715 1669 910 1717 sentirem,
925 1668 982 1707 his
995 1668 1209 1707 rationibus
1230 1668 1269 1706 in
1285 1667 1558 1706 Valckenaerii
1577 1672 1735 1706 senten-

284 1733 376 1771 tiam
397 1744 480 1771 sum
500 1736 733 1783 pertractus.
