1818 3189
269 181 343 230 24
585 182 1162 228 ΑΝΤΙΦΩΝΤΟΣ
1221 182 1410 226 ΒΙΟΣ

269 300 531 356 τριηραρχῶν
545 301 707 347 ναυσὶν,
726 299 791 339 ὁτὲ
812 294 853 339 δὲ
871 298 1126 353 στρατηγῶν,
1141 299 1204 338 καὶ
1221 294 1405 344 πολλαῖς
1418 295 1571 351 μάχαις
1588 295 1725 341 νικῶν,

270 368 335 408 καὶ
355 366 591 419 συμμαχίας
609 361 797 417 μεγάλας
815 362 957 410 αὐτοῖς
974 363 1304 418 προσαγόμενος,
1327 364 1391 403 καὶ
1406 362 1503 409 τοὺς
1523 358 1727 414 ἀκμάζον-

269 449 344 479 τας
371 428 574 478 ὁπλίζων,
602 431 667 470 καὶ
693 430 868 484 τριήρεις
898 427 1073 483 πληρῶν
1093 427 1300 478 ἑξήκοντα,
1329 430 1392 469 καὶ
1419 424 1664 482 πρεσβεύων
1686 422 1727 466 δὲ

270 495 455 538 ἑκάστοτε
475 493 543 536 ὑπ’
559 493 694 536 αὐτῶν
711 495 768 542 εἷς
783 491 1078 547 Λακεδαίμονα,
1098 494 1217 541 ἡνίκα
1237 495 1473 548 ἐτετείχιστο
1485 490 1729 533 Ἡετιωνεία.

267 560 367 615 μετὰ
396 557 437 602 δὲ
468 560 544 609 τὴν
571 557 794 601 κατάλυσιν
821 560 905 601 τῶν
925 560 1196 614 τετρακοσίων
1216 556 1501 613 εἰσαγγελθεὶς
1529 557 1605 598 σὺν
1627 555 1729 611 Ἀρ·

267 623 524 682 χεπτολέμῳ,
544 626 603 667 ἐνὶ
622 627 706 667 τῶν
725 622 1011 680 τετρακοσίων,
1033 623 1155 673 ἑάλω,
1176 626 1239 666 καὶ
1260 629 1349 671 τοῖς
1365 626 1457 678 περὶ
1475 624 1559 664 τῶν
1574 618 1729 677 προδο-

267 693 352 733 τῶν
373 692 584 746 ἐπιτιμίοις
604 688 821 747 ὑπαχθεὶς,
847 689 1004 745 ἄταφος
1035 688 1194 745 ἐρῥίφη,
1226 692 1290 731 καὶ
1322 691 1397 731 σὺν
1423 693 1512 737 τοῖς
1543 688 1730 743 ἐκγόνοις

267 755 412 810 ἄτιμος
433 755 649 811 ἐνεγράφη.
682 757 721 797 οἱ
737 753 778 797 δὲ
798 755 878 797 ὑπὸ
893 756 978 797 τῶν
995 754 1211 810 τριάκοντα
1230 753 1460 810 ἀνῃρῆσθαι
1478 753 1603 795 αὐτὸν
1621 754 1730 794 ἱστο-

265 824 426 876 ροῦσιν,
457 821 591 876 ὥςπερ
628 822 784 869 Λυσίας
815 821 857 862 ἐν
894 822 951 873 τῷ
978 820 1078 875 ὑπὲρ
1109 825 1182 868 τῆς
1208 818 1490 876 Ἀντιφῶντος
1519 818 1731 874 θυγατρὸς

264 885 397 942 λόγῳ·
418 887 578 941 ἐγένετο
595 885 678 941 γὰρ
695 885 803 940 αὐτῷ
819 884 1062 940 θυγάτριον,
1073 884 1122 926 οὗ
1139 883 1444 940 Κάλλαισχρος
1456 882 1730 927 ἐπεδικάσατο·

266 954 330 996 ὅτι
345 951 388 995 δὲ
403 952 485 994 ὑπὸ
507 953 591 993 τῶν
611 951 827 1007 τριάκοντα
845 948 1063 998 ἀπέθανεν,
1085 951 1236 1005 ἱστορεῖ
1257 953 1322 992 καὶ
1347 951 1598 1004 Θεόπομπος
1618 949 1662 991 ἐν
1681 950 1731 1005 τῇ

264 1014 593 1071 πεντεκαιδεκάτῃ
627 1017 712 1058 τῶν
743 1014 1014 1058 Φιλιππικῶν.
1057 1013 1155 1056 ἀλλ’
1188 1014 1311 1064 οὗτός
1338 1014 1374 1057 τ’
1399 1015 1450 1058 ἂν
1478 1015 1732 1071 ἡμερώτερος

265 1079 550 1125 Λυσιδωνίδου
571 1081 742 1137 πατρὸς,
762 1084 826 1123 καὶ
849 1085 1055 1136 Κρατῖνος
1081 1082 1124 1122 ἐν
1146 1082 1303 1136 Πυτίνῃ
1333 1081 1382 1122 οὗ
1414 1083 1602 1137 πονηροῦ
1629 1098 1731 1135 μνη·

263 1149 439 1204 μονεύει·
471 1149 564 1197 πῶς
583 1147 666 1203 γὰρ
687 1146 738 1189 ἂν
759 1149 783 1188 ὁ
800 1144 1060 1202 προτεθνεὼς
1075 1150 1138 1189 καὶ
1155 1145 1385 1202 ἀναιρεθεὶς
1398 1147 1479 1189 ὑπὸ
1494 1148 1579 1189 τῶν
1595 1163 1731 1202 τετρα·

264 1216 433 1262 κοσίων,
464 1212 594 1255 πάλιν
623 1215 687 1255 ἐπὶ
715 1213 799 1254 τῶν
830 1212 1048 1268 τριάκοντα
1077 1211 1159 1263 ε’ίης
1191 1211 1273 1254 ’ἐστι
1293 1210 1334 1254 δὲ
1354 1215 1418 1254 καὶ
1441 1210 1577 1261 ἄλλος
1596 1210 1733 1267 λόγος

254 1275 360 1335 ’περὶ
380 1284 453 1328 τῆς
472 1277 660 1327 τελευτῆς
681 1277 820 1319 αὐτοῦ.
851 1275 1113 1334 πρεσβευτὴν
1139 1279 1222 1333 γᾶρ
1243 1278 1344 1319 ὄντα
1364 1277 1491 1319 αὐτὸν
1513 1279 1570 1326 εἰς
1598 1281 1732 1333 Συρα-

264 1346 419 1393 κούσας
439 1343 626 1392 πλεῦσαι,
645 1343 763 1392 ἡνίκα
780 1341 957 1398 ἤκμαζεν
977 1344 1002 1392 ἡ
1022 1347 1095 1385 τοῦ
1115 1344 1316 1399 προτέρου
1338 1345 1563 1386 Διονυσίου
1587 1360 1734 1399 τυραν-

265 1412 346 1459 νίς·
378 1411 604 1465 γενομένης
627 1407 668 1451 δὲ
683 1408 794 1464 παρὰ
809 1409 941 1451 πότον
957 1407 1178 1458 ζητήσεως,
1194 1411 1257 1457 τίς
1274 1407 1442 1465 ἄριστός
1457 1409 1540 1450 ἐστι
1556 1407 1732 1464 χαλκὸς,

264 1478 331 1519 καὶ
350 1477 435 1518 τῶν
453 1473 632 1517 πολλῶν
654 1472 970 1531 διαφερομένων,
992 1475 1118 1517 αὐτὸν
1139 1477 1277 1523 εἰπεῖν,
1298 1473 1466 1530 ἄριστον
1487 1473 1600 1521 εἶναι,
1620 1472 1665 1522 ἐξ
1683 1473 1733 1516 οὗ

263 1538 487 1597 Ἀρμόὸιος
508 1545 572 1582 καὶ
589 1540 908 1596 Ἀριστογείτων
925 1542 1177 1589 πεποίηνται·
1209 1543 1331 1582 τοῦτο
1352 1537 1388 1582 δ’
1408 1538 1640 1582 ἀκούσαντα
1657 1539 1733 1582 τὸν

267 1607 508 1655 Διονύσιον,
530 1608 595 1648 καὶ
615 1606 922 1654 ὑπονοήσαντα,
943 1607 1188 1662 προτροπὴν
1205 1607 1263 1654 εἷς
1277 1603 1458 1648 ἐπίθεσιν
1474 1604 1575 1647 εἶναι
1593 1605 1641 1647 τὸ
1659 1603 1734 1661 ῥη-

265 1675 356 1724 θὲν,
372 1669 602 1728 προστάξαι
619 1669 880 1726 ἀναιρεθῆναι
896 1671 1036 1713 αὐτόν.
1065 1673 1104 1713 οἱ
1120 1670 1177 1720 δὲ,
1196 1673 1258 1713 ὅτι
1272 1672 1348 1719 τὰς
1361 1668 1594 1727 τραγῳδίας
1608 1671 1734 1714 αὐτοῦ

265 1736 436 1793 διέσυρε,
457 1733 766 1793 χαλεπήναντα.
798 1737 989 1791 φέρονται
1017 1733 1059 1778 δὲ
1085 1740 1158 1778 τοῦ
1178 1734 1360 1792 ῥήτορος
1378 1735 1503 1792 λόγοι
1523 1735 1733 1786 ἑξήκοντα,

266 1803 326 1844 ὧν
349 1802 695 1856 κατεψευσμένους
721 1802 819 1856 φησὶ
852 1798 1065 1849 Καικίλιος
1086 1799 1187 1843 εἶναι
1207 1802 1305 1849 τοὺς
1326 1803 1581 1844 εἰκοσιπέντε.
1612 1819 1733 1844 κεκω-

265 1865 446 1923 μῴδηται
467 1865 501 1909 δ’
523 1868 580 1914 εἰς
601 1864 878 1922 φιλαργυρίαν
899 1865 980 1908 ὑπὸ
1015 1864 1249 1914 Πλάτωνος
1271 1868 1313 1909 ἐν
1336 1865 1589 1924 Πεισάνδρῳ.
1620 1865 1735 1924 λέγε-

264 1950 330 1974 ται
346 1930 387 1974 δὲ
407 1929 639 1989 τραγῳδίας
658 1933 881 1979 συνθεῖναι,
898 1934 962 1973 καὶ
981 1929 1074 1986 ἰδίᾳ,
1096 1934 1160 1974 καὶ
1177 1933 1253 1974 σὺν
1273 1934 1494 1988 Διονυσίῳ,
1512 1935 1569 1988 τῷ
1587 1934 1734 1989 τυράν-

266 2017 341 2054 νῳ.
378 1997 434 2040 ἔτι
463 1996 502 2040 δ’
532 1995 590 2040 ὢν
617 1996 725 2053 πρὸς
753 1999 803 2053 τῇ
834 1998 1006 2046 ποιήσει,
1039 1998 1190 2053 τέχνην
1223 1995 1405 2046 ἀλυπίας
1439 2001 1732 2048 συνεστήσατο,

266 2064 402 2120 ὥςπερ
433 2068 523 2112 τοῖς
544 2065 742 2105 νοσοῦσιν
764 2062 789 2111 ἡ
809 2062 921 2118 παρὰ
950 2063 1034 2104 τῶν
1065 2063 1215 2118 ἰατρῶν
1250 2060 1441 2118 θεραπεία
1469 2064 1657 2120 ὑπάρχει·
1690 2066 1733 2106 ἐν

268 2129 466 2186 Κορίνθῳ
493 2147 534 2171 τε
565 2129 930 2181 κατεσκευασμένος
962 2127 1107 2182 οἴκημά
1137 2146 1175 2170 τι
1204 2128 1315 2184 παρὰ
1335 2129 1411 2178 τὴν
1434 2127 1610 2185 ἀγορὰν,
1631 2147 1734 2185 προ-

266 2196 461 2251 έγραψεν,
483 2196 545 2237 ὅτι
566 2192 733 2236 δύναται
764 2194 863 2242 τοὺς
894 2192 1183 2248 λυπουμένους
1216 2190 1282 2236 διὰ
1311 2193 1456 2250 λόγων
1486 2192 1731 2250 θεραπεύειν·

267 2263 333 2302 καὶ
359 2260 679 2314 πυνθανόμενος
703 2258 779 2307 τὰς
810 2259 955 2308 αἰτίας,
982 2261 1253 2316 παρεμυθεῖτο
1273 2261 1371 2308 τοὺς
1391 2258 1637 2314 κάμνοντας.
1667 2278 1735 2302 νο-

265 2323 403 2380 μίζων
423 2322 465 2367 δὲ
485 2326 560 2374 τὴν
580 2325 731 2380 τέχνην
753 2323 908 2366 ἐλάττω
939 2323 965 2373 ἢ
997 2323 1090 2367 καθ’
1118 2325 1244 2367 αὑτὸν
1274 2324 1388 2373 εἶναι,
1419 2326 1484 2367 ἐπὶ
1513 2323 1734 2380 ῥητορικὴν

266 2389 492 2446 ἀπετράπη.
523 2391 598 2431 εἶσὶ
620 2386 671 2439 δ’,
693 2388 735 2431 οἳ
760 2391 826 2431 καὶ
843 2389 890 2431 τὸ
914 2388 1105 2432 Γλαύκου
1124 2393 1197 2432 τοῦ
1217 2388 1412 2445 Ῥηγίνου
1440 2392 1533 2446 περὶ
1553 2392 1735 2440 ποιητῶν

266 2454 452 2513 βιβλίον
469 2457 526 2503 εἷς
541 2453 799 2510 Ἀντιφῶντα
816 2453 1104 2511 ἀναφέρουσιν.
1135 2456 1349 2497 ἐπαινεῖται
1364 2453 1400 2497 δ’
1415 2454 1541 2497 αὐτοῦ
1555 2454 1735 2510 μάλιστα

268 2523 292 2564 ὁ
317 2524 410 2578 περὶ
432 2517 639 2576 (Ηρώὃου,
662 2523 726 2562 καὶ
754 2520 864 2576 πρὸς
895 2521 1220 2577 Ἐρασίστρατον
1240 2523 1332 2576 περὶ
1350 2522 1434 2563 τῶν
1455 2518 1587 2569 ἰδεῶν,
1614 2523 1678 2563 καὶ
1709 2523 1734 2563 ὁ

266 2590 359 2644 περὶ
379 2592 452 2637 τῆς
478 2583 755 2642 εἰσαγγελίας,
776 2584 827 2628 ὃν
842 2586 941 2642 ὑπὲρ
959 2587 1101 2629 ἑαυτοῦ
1120 2588 1314 2643 γέγραφε,
1335 2589 1399 2629 καὶ
1419 2589 1443 2629 ὁ
1463 2586 1571 2642 πρὸς
1592 2591 1734 2641 Δημο-

268 2653 421 2702 σθένην
436 2652 511 2694 τὸν
532 2651 765 2706 στρατηγὸν
782 2651 1050 2706 παρανόμων.
1081 2649 1234 2706 ἔγραψε
1257 2648 1297 2692 δὲ
1313 2653 1377 2693 καὶ
1398 2650 1497 2693 κατὰ
1513 2648 1734 2707 Ἱπποκρά-

267 2735 367 2766 τους
385 2720 459 2760 τοῦ
478 2716 658 2773 [ἰατροῦ]
681 2720 911 2772 στρατηγοῦ
927 2714 1078 2772 λόγον,
1095 2719 1159 2758 καὶ
1181 2715 1289 2758 εἶλεν
1304 2716 1430 2759 αὐτὸν
1446 2714 1489 2765 ἐξ
1504 2718 1653 2772 ἐρήμου
1668 2717 1734 2759 ἐπὶ

270 2784 520 2838 Θεοπόμπου
541 2780 772 2838 ἄρχοντος,
793 2781 852 2837 ἐφ’
873 2781 921 2823 οὗ
952 2783 990 2823 οἱ
1017 2782 1264 2840 τετρακόσιοι
1286 2779 1583 2831 κατελύθησαν.
1643 2784 1733 2831 Ψή-

270 2856 410 2902 φισμα,
432 2847 516 2891 καθ’
540 2848 562 2890 ὃ
583 2844 721 2893 ἔδοξεν
749 2845 1007 2902 Ἀντιφῶντα
1037 2850 1236 2902 κριθῆναι,
1266 2849 1289 2888 ὁ
1323 2845 1534 2895 Καικίλιος
1563 2848 1733 2902 παρατέ-

271 2910 405 2954 θείται·
