1925 3272
481 191 827 234 ORATORUM
864 190 1245 233 GRAECORUM.
1557 189 1597 229 ix

133 309 223 347 tatis
242 309 350 347 socia
371 316 408 348 et
428 309 595 347 alumna.
655 309 712 345 Ex
738 321 784 345 eo
816 315 988 357 tempore
1011 308 1098 358 ejus
1120 306 1290 344 studium
1312 305 1450 343 invasit
1472 317 1598 356 popu-

133 371 192 408 los
214 385 283 421 per
305 372 452 417 Asiam,
485 369 661 408 Rhodios
692 370 797 414 item,
830 377 869 406 et
901 369 1060 406 aliarum
1093 369 1302 406 insularum
1327 367 1458 405 cives:
1495 366 1598 403 unde

132 433 277 470 exstitit
301 433 505 471 discrimen
533 432 743 469 Oratorum
763 431 1009 475 Asianorum,
1040 430 1280 468 Rhodiorum
1303 435 1338 467 et
1362 427 1598 471 Atticorum,

132 495 181 532 (le
204 508 282 545 quo
300 496 385 532 vide
401 495 630 533 Ciceronem
646 493 755 530 Brut.
775 494 800 531 l.
817 507 850 531 c.
867 499 906 531 et
924 492 1180 537 Quinctilian.
1204 493 1299 529 XII.
1318 497 1379 530 10.
1403 504 1489 541 pag.
1506 493 1597 527 623.

186 556 260 593 ΙΙΙ.
293 556 417 598 P-rima
439 556 676 605 eloquentiae
697 561 790 592 aetas
812 555 882 592 suit
908 555 981 592 sub
1001 554 1363 599 ΤΗΕΜΙετοοιΕ,
1383 554 1598 596 ΟῙΜΟΝΕ,

132 617 353 663 Famem,
384 619 668 663 ALCIBIADE‚
702 617 1002 654 Tnucvninn.
1061 615 1198 653 Cicero
1226 616 1334 652 Brut.
1357 619 1393 654 7.
1418 615 1466 652 de
1486 614 1598 652 Orat.

132 679 185 717 ΙΙ.
207 684 270 717 23.
344 679 472 723 Quam
494 685 648 716 aetatem
670 678 842 724 fuerunt,
864 677 931 728 qui
954 690 1029 714 non
1051 676 1188 714 ordine
1207 683 1370 724 tantum,
1392 675 1459 713 sed
1482 675 1597 713 etiam

130 741 360 779 excellentia
380 740 545 791 primam
567 741 845 778 existimarent.
905 739 1138 776 Plutarchus
1160 737 1465 775 Demosthenem
1486 737 1538 774 ait
1559 737 1597 773 in

131 802 216 852 ejus
237 803 327 840 Vita
349 806 378 850 ξ.
401 803 464 851 ιγ’.
487 802 645 852 dignum
668 815 766 848 esse,
787 801 854 850 qui
883 807 1094 851 reponatur
1108 802 1172 838 οὐκ
1190 800 1230 837 ἐν
1250 802 1299 851 τῷ
1333 802 1428 837 κατά
1459 799 1601 847 Μοιρο-

132 865 222 901 κλέα
244 866 303 901 καὶ
333 864 573 902 Πολύευκτον
602 866 660 901 καὶ
688 863 893 914 ’Ὑπερίδην
923 861 1070 914 ἀριθμῷ
1102 869 1174 900 τῶν
1205 862 1383 912 ῥητόρων,
1403 863 1490 898 ἀλλ’
1518 861 1598 898 ἅνω

130 927 228 976 μετά
258 925 438 977 Κίμωνος
467 927 526 963 καὶ
555 925 781 964 Θουκυδίδου
814 928 872 963 καὶ
909 925 1146 975 Περικλέους.
1217 924 1521 962 Themistoclem
1561 929 1599 961 et

131 987 333 1024 Cimonem
373 987 467 1026 nihil
504 988 705 1026 literarum
744 987 1002 1025 monumentis
1044 986 1262 1031 mandasse,
1304 986 1394 1024 satis
1431 991 1597 1023 constat.

130 1048 300 1086 Pericles
334 1054 373 1085 et
401 1048 625 1086 Alcibiades
653 1062 743 1086 num
772 1048 866 1099 quid
900 1049 1084 1099 scriptum
1116 1047 1358 1098 reliquerint,
1381 1047 1596 1092 dubitatur,

132 1111 273 1148 Cicero
303 1110 426 1148 altero
466 1111 554 1148 loco
588 1109 697 1157 dicit,
731 1114 755 1131 “
775 1111 977 1161 utriusque
1017 1110 1165 1160 scripta
1199 1108 1415 1154 constare,’'
1455 1109 1596 1154 altem,

130 1175 155 1192 “
173 1171 333 1209 Periclis
355 1172 538 1221 quaedam
560 1172 706 1222 scripta
727 1171 857 1210 ferri.''
892 1175 946 1210 At
967 1171 1201 1209 Plutarchus
1220 1171 1257 1207 in
1277 1171 1428 1208 Pericle
1450 1183 1486 1220 p.
1505 1174 1596 1208 156.

131 1233 176 1271 C.
197 1238 235 1270 et
254 1233 668 1272 Pseudo-Plutarchus
703 1233 751 1271 de
774 1234 852 1271 Vit.
876 1234 926 1271 X.
951 1234 1063 1271 Orat.
1085 1245 1125 1283 p.
1146 1235 1237 1271 832.
1260 1232 1310 1270 D.
1343 1231 1555 1281 quicquam
1576 1244 1598 1268 a

129 1293 279 1333 Pericle
298 1295 486 1345 scriptum
514 1309 598 1333 esse
619 1301 773 1345 negant.
832 1295 1026 1346 Equidem
1059 1294 1288 1333 accesserim
1312 1293 1596 1339 Quinctiliano,

129 1355 319 1406 quicquid
342 1356 414 1393 sub
436 1355 598 1394 Periclis
628 1357 783 1394 nornine
805 1355 1044 1393 venditatum
1068 1361 1140 1402 est,
1161 1353 1471 1393 commentitium
1486 1351 1596 1402 judi·
1617 1357 1695 1393 125

129 1418 249 1464 canti,
272 1419 347 1456 III.
368 1423 405 1456 1.
426 1431 464 1469 p.
485 1423 576 1456 118.
635 1418 696 1456 De
719 1417 927 1456 Alcibiade
948 1430 1055 1462 vero,
1086 1415 1499 1454 Pseudo—Plutarchus
1520 1415 1543 1452 l.
1562 1427 1596 1451 c.

129 1493 217 1519 cum
249 1481 441 1518 Cicerone
468 1480 600 1527 sentit,
620 1480 732 1531 eique
754 1480 921 1530 scriptas
943 1478 1139 1517 orationes
1161 1478 1310 1516 tribuit.
1368 1477 1445 1515 Sed
1467 1477 1516 1514 de
1538 1476 1597 1514 his

130 1555 289 1594 quoque
317 1542 436 1587 idem,
470 1541 576 1593 quod
608 1542 658 1580 de
691 1541 895 1588 Pericleis‚
915 1541 1139 1580 dicendum.
1200 1539 1284 1578 Nec
1313 1538 1597 1588 aliterjtidica-

130 1610 221 1642 runt
241 1610 391 1642 veteres
425 1603 584 1641 dicendi
611 1604 798 1655 magistri,
828 1610 1009 1651 tanquam
1039 1604 1208 1654 Sopater
1238 1602 1526 1652 Prolegomenis
1558 1603 1599 1639 in

130 1666 364 1704 Aristidem:
392 1667 510 1717 Τρεῖς
526 1668 634 1719 φοραὶ
652 1669 813 1719 ῥητόρων
833 1670 1052 1716 γεγόνασιν·
1076 1664 1128 1705 ὧν
1147 1669 1169 1712 ἡ
1185 1666 1253 1718 μὲν
1272 1671 1395 1718 πρώτη
1417 1666 1599 1717 ἀγράφως

130 1729 284 1776 ἔληγεν,
307 1726 351 1774 ἧς
365 1728 442 1765 ἐστὶ
458 1728 730 1780 Θεμιστοκλῆς,
752 1731 809 1766 καὶ
823 1729 1022 1775 Περικλῆς,
1041 1730 1100 1765 καὶ
1120 1729 1154 1766 οἱ
1175 1729 1420 1771 κατ’ἐκείνους
1432 1729 1598 1779 ῥήτορες.

134 1788 332 1827 Alcibiadi
354 1788 463 1827 multi
494 1790 703 1840 scriptores
733 1789 967 1841 eloquentiae
997 1789 1148 1827 laudem
1170 1790 1358 1834 tribuunt,
1378 1790 1462 1840 ipse
1482 1790 1599 1826 etiam

132 1856 328 1889 oratorum
348 1850 546 1901 princeps,
568 1851 854 1889 Demosthenes
875 1851 964 1888 adv.
987 1850 1091 1888 Mid.
1112 1855 1142 1899 §-
1163 1850 1239 1902 μα’.
1262 1853 1322 1889 καὶ
1341 1852 1469 1900 λέγειν
1487 1850 1600 1889 ἐδόκει

130 1912 295 1959 πάντων,
316 1915 364 1955 ὥς
381 1920 509 1964 φασιν,
528 1910 626 1950 εἶναι
646 1913 868 1956 δεινότατος.
892 1913 957 1950 ubi
976 1912 1087 1949 simul
1106 1913 1269 1950 observa
1287 1912 1381 1950 illud
1400 1916 1448 1956 ὥς
1469 1921 1599 1965 φασιν,

132 1973 239 2024 quod
259 1973 462 2012 additurus
492 1987 570 2012 non
592 1975 757 2028 fuisset„
777 1975 807 2013 si
827 1975 874 2012 de
897 1973 982 2024 ejus
1003 1973 1041 2010 in
1069 1974 1238 2014 dicendo
1260 1973 1443 2012 facultate
1463 1988 1484 2012 e
1505 1974 1600 2012 scri-

131 2036 207 2086 ptis
240 2035 484 2079 orationibus
518 2035 737 2075 existimare
775 2038 980 2088 potuisset.
1037 2037 1331 2087 Theophrastus
1370 2039 1473 2087 apud
1510 2036 1601 2073 Plu-

131 2097 258 2136 tarch.
290 2098 406 2136 Polit.
428 2110 548 2149 praec.
569 2111 606 2149 p.
630 2103 720 2137 804.
738 2101 785 2136 A.
819 2105 960 2146 narrat,
989 2100 1249 2145 Alcibiadem,
1277 2098 1368 2137 dum
1391 2098 1429 2136 in
1450 2098 1601 2136 orando

127 2160 252 2197 verba
283 2165 322 2198 et
356 2165 572 2198 structuras
605 2160 863 2211 elegantiores
895 2163 1112 2211 quaerebat‚
1151 2161 1359 2212 aliquando
1391 2160 1601 2198 haesitasse.

132 2221 218 2258 Nec
251 2226 380 2258 tamen
413 2234 545 2259 versus
575 2221 794 2272 Eupolidis,
824 2223 969 2260 relatus
991 2237 1012 2261 a
1044 2222 1256 2260 Plutarcho
1285 2221 1322 2258 in
1345 2220 1600 2272 Alcibiadae

131 2286 223 2320 196.
246 2283 290 2320 E.
312 2289 349 2320 et
364 2283 495 2320 Gellio
519 2283 554 2321 I.
570 2287 632 2319 15.
672 2282 823 2321 Λαλεῖν
860 2284 1024 2334 ἄριστος,
1051 2283 1335 2326 ἀδυνατώτατος
1372 2286 1516 2331 λέγειν,
1551 2283 1601 2320 de

132 2344 341 2382 Alcibiade
358 2344 611 2394 accipiendus
631 2351 714 2382 erat
734 2345 784 2382 ab
805 2345 855 2383 H.
879 2346 1080 2396 Stephano
1100 2346 1216 2383 Thes.
1240 2345 1365 2383 L.Gr.
1388 2359 1420 2382 v.
1441 2345 1599 2390 Λαλέω,

133 2411 173 2443 et
203 2405 245 2442 P.
267 2405 519 2454 Wesselingio
549 2405 597 2443 ad
632 2405 794 2443 Diodor.
827 2406 905 2445 Sic.
928 2408 972 2445 T.
996 2408 1026 2445 Ι.
1047 2420 1084 2458 p.
1107 2410 1198 2445 595.
1235 2408 1302 2445 sed
1338 2407 1386 2444 de
1416 2406 1601 2455 Phaeaee,

132 2472 298 2512 oratore,
320 2472 363 2504 ut
387 2466 590 2505 Plutarchi
609 2473 818 2506 contextus
837 2468 952 2507 facile
974 2469 1103 2507 docet.
1161 2469 1437 2519 Thucydidem
1460 2468 1601 2507 Cicero

134 2529 233 2566 inter
261 2535 432 2566 oratores
467 2528 584 2566 refert
621 2537 782 2580 propter
814 2531 1011 2568 orationes
1047 2530 1218 2568 historiae
1254 2530 1435 2568 intextas.
1495 2529 1601 2567 Male

134 2589 333 2628 Simsonus
356 2590 500 2627 Chron.
523 2590 570 2627 ad
591 2603 623 2627 a.
646 2594 763 2630 3534.
786 2598 825 2629 et
842 2592 1044 2630 Fabricius
1068 2591 1171 2629 Bibl.
1194 2593 1266 2630 Gr.
1289 2592 1376 2629 Vol.
1399 2592 1429 2629 Ι.
1450 2604 1486 2642 p.
1509 2595 1602 2628 834.

72 2696 73 2699 ¹
134 2650 353 2701 intelligunt
383 2650 669 2700 Thucydidem,
700 2652 879 2690 Melesiae
902 2653 942 2690 F.
965 2653 1128 2691 Periclis
1151 2654 1187 2690 in
1211 2653 1410 2703 republica
1430 2653 1602 2702 gerenda

135 2713 420 2750 adversarium:
456 2725 568 2760 quem
603 2713 690 2763 quis
716 2727 889 2764 unquam
919 2715 1050 2752 retulit
1071 2715 1108 2752 in
1138 2727 1336 2752 numerum
1357 2713 1601 2752 oratorum?

135 2773 371 2823 Thucydidi,
395 2773 532 2810 Pericli
553 2779 589 2810 et
605 2774 802 2812 Alcibiadi
823 2788 968 2825 suppar
983 2782 1098 2814 aetate
1119 2782 1176 2813 est
1195 2775 1341 2818 Nicias,
1364 2788 1479 2824 quem
1500 2775 1602 2813 Ora-

137 2841 262 2872 torum
292 2833 471 2882 catalogo
503 2834 662 2872 inseruit
691 2835 889 2873 Fabricius
921 2836 1020 2874 Bibl.
1043 2837 1114 2874 Gr.
1136 2836 1223 2873 Vol.
1246 2836 1315 2872 IV.
1337 2849 1375 2885 p.
1397 2839 1488 2873 485.
1518 2836 1603 2873 lau·-

137 2895 503 2948 dans-Clementem
536 2897 750 2937 Alexandr.
781 2898 926 2936 Strom.
948 2900 1016 2936 VI.
1040 2913 1077 2950 p.
1099 2903 1189 2939 748.
1225 2898 1363 2942 Νικίας
1384 2899 1425 2936 ἐν
1445 2902 1495 2951 τῷ
1510 2899 1602 2948 πρὸς

137 2957 291 2996 Λυσίαν
311 2955 403 3006 ὑπὲρ
425 2958 755 3007 παρακαταθήκης·
792 2959 873 3005 Τὴν
887 2960 956 3011 μὲν
976 2963 1210 3011 παρασκευὴν
1226 2962 1283 2998 καὶ
1302 2963 1369 3006 τὴν
1391 2963 1603 3011 προθυμίαν

872 3034 891 3057 c
